1848 2929
843 220 866 256 5

191 336 458 372 commentariis
491 347 513 372 a
553 336 785 373 Foerstero
822 335 930 372 editis
942 335 968 382 1)
1004 346 1075 372 non
1115 335 1275 381 repperi,
1318 345 1409 379 quae
1450 334 1535 370 huic

190 396 394 439 quaestioni
419 397 501 432 usui
526 397 609 432 sint.

288 454 562 498 Expositionem
601 454 790 491 divisimus
829 454 867 490 in
905 455 994 490 duas
1033 457 1172 499 partes,
1222 463 1373 497 quarum
1411 453 1534 497 priore

193 513 236 549 de
269 512 458 550 sententiis
492 516 528 549 et
560 514 603 549 de
636 515 744 549 rebus
777 524 799 549 a
830 513 986 549 Libanio
1021 523 1066 548 ex
1096 513 1279 548 Herodoto
1312 511 1533 557 depromptis

191 582 352 617 agamus,
390 572 516 617 altera,
554 576 728 616 quatenus
767 572 804 608 in
839 583 907 608 usu
941 574 1132 608 verborum
1169 575 1277 615 atque
1294 596 1296 599 -
1313 571 1533 607 locutionum

190 630 314 666 rhetor
340 641 385 666 ex
410 630 693 666 Halicarnasseo
719 631 884 675 pendeat,
912 630 1144 674 disputemus.

705 902 826 955 Pars
862 901 1018 966 prior.

192 1000 404 1046 nuatenus
426 1000 612 1044 Libanius
644 1000 679 1043 in
702 1000 922 1111 sentengiis
946 983 997 1043 'et
1028 1000 1064 1042 in
1097 1000 1220 1043 rebus
1253 1010 1304 1043 ex
1326 999 1530 1044 Herodoto

765 1077 841 1122 pen
871 1068 955 1111 eat.

599 1165 723 1211 Caput
748 1164 790 1200 1:
825 1165 881 1200 De
907 1165 1129 1201 sententils.

288 1244 466 1290 Quoniam
490 1244 669 1280 Libanius
694 1247 735 1280 ut
760 1255 814 1289 ea,
847 1254 938 1288 quae
964 1244 1043 1288 ipse
1070 1244 1215 1289 diceret,
1249 1244 1423 1289 exemplis
1449 1245 1532 1281 illu-

189 1307 334 1348 straret,
360 1314 432 1339 non
458 1303 572 1338 solum
600 1313 644 1338 ex
664 1303 858 1345 Herodoto,
887 1303 950 1338 sed
976 1302 1087 1338 etiam
1113 1313 1156 1337 ex
1183 1302 1269 1338 aliis
1294 1303 1533 1347 scriptoribus

189 1362 368 1408 permulta
400 1361 636 1407 deprompsit,
672 1371 774 1397 omne
807 1371 920 1406 genus
952 1360 1131 1397 cautionis
1166 1361 1332 1397 adhiberi
1358 1362 1464 1397 debet
1495 1362 1533 1396 in

189 1422 431 1465 diiudicando,
463 1424 582 1456 utrum
607 1421 708 1456 locus
734 1420 917 1455 Herodoto
949 1431 996 1455 an
1028 1420 1113 1455 aliis
1139 1420 1378 1463 scriptoribus
1405 1421 1534 1456 debea-

186 1482 256 1514 tur.
308 1479 388 1525 Qua
421 1479 458 1514 in
490 1489 528 1514 re
563 1478 600 1513 id
631 1477 736 1514 nobis
769 1477 925 1513 maximo
960 1477 1098 1513 auxilio
1131 1480 1200 1522 est,
1237 1478 1331 1521 quod
1356 1478 1534 1514 Libanius

187 1549 295 1583 saepe
329 1549 401 1573 una
434 1548 513 1574 cum
547 1537 737 1573 sententiis
772 1536 882 1573 etiam
916 1536 1117 1573 locutiones
1152 1540 1188 1573 et
1213 1538 1326 1573 verba
1357 1538 1533 1581 quaedam

187 1597 390 1641 singularia
424 1608 468 1632 ex
498 1596 574 1632 illis
607 1598 789 1631 mutuatus
823 1599 895 1640 est;
935 1606 1019 1631 nam
1052 1598 1093 1631 ut
1123 1596 1196 1631 iam
1222 1607 1334 1640 supra
1365 1596 1532 1641 diximus,

186 1655 311 1692 rhetor
327 1658 488 1692 veterum
515 1665 625 1700 opera
650 1664 788 1691 summa
813 1664 893 1690 cum
916 1654 1109 1700 diligentia
1134 1654 1292 1700 perlegit
1318 1658 1426 1700 atque
1452 1665 1533 1700 per—

186 1715 312 1751 volvit.

285 1783 328 1818 A.
361 1782 416 1819 Ac
441 1782 595 1828 primum
621 1782 763 1826 quidem
798 1783 847 1818 de
879 1782 1020 1818 tribus
1053 1782 1312 1827 diegematis
1347 1783 1451 1819 nobis
1478 1783 1532 1818 di-

186 1843 335 1878 cendum
362 1846 426 1887 est,
454 1852 603 1885 quorum
629 1844 878 1886 argumentum
904 1844 1018 1877 totum
1041 1841 1225 1877 Herodoto
1252 1842 1420 1886 debetur;
1448 1846 1532 1877 sunt

185 1903 305 1936 autem
345 1900 412 1935 illa
452 1910 543 1944 quae
585 1899 832 1936 inscribuntur
881 1899 983 1947 περὶ
1022 1898 1328 1947 Πολυκράτους
1340 1899 1383 1945 ²),
1426 1900 1529 1948 περὶ

186 1957 498 2005 Κανδαὺλουῧ),
537 1958 639 2005 περὶ
664 1956 913 2005 Ἀρίωνος4).

282 2017 505 2063 Quamquam
536 2016 811 2062 Polycratem
843 2019 879 2052 et
910 2016 986 2052 eius
1015 2013 1094 2052 fata
1120 2020 1260 2053 veteres
1287 2027 1409 2052 omnes
1436 2017 1528 2053 satis

186 2077 274 2112 bene
301 2086 405 2112 nosse
431 2078 588 2120 constat,
620 2078 741 2111 tamen
766 2075 852 2119 quin
877 2075 1055 2111 Libanius
1081 2075 1302 2111 Herodotum
1334 2086 1442 2111 unum
1473 2087 1529 2112 se-

186 2137 289 2170 cutus
321 2134 412 2169 illud
445 2134 609 2178 diegema
642 2133 898 2178 composuerit,
933 2133 1031 2169 nullo
1065 2134 1168 2169 modo
1203 2134 1365 2169 dubitari
1397 2138 1528 2179 potest,

185 2192 354 2237 quoniam
388 2192 530 2229 easdem
565 2193 642 2229 fere
674 2191 874 2228 locutiones
909 2195 944 2228 et
976 2193 1089 2229 verba
1125 2195 1233 2236 atque
1265 2191 1329 2229 ille
1365 2196 1527 2239 usurpat.

185 2252 287 2297 Quod
312 2254 353 2288 ut
376 2252 639 2297 intellegamus,
667 2251 895 2288 conferamus

284 2360 305 2399 ¹)
326 2360 516 2399 Melanges
537 2360 676 2398 Graux,
696 2368 723 2397 p.
739 2359 903 2390 629-639.

283 2410 304 2448 ²)
326 2410 394 2440 Vol.
417 2410 460 2439 IV
481 2419 507 2446 p.
524 2410 601 2439 1100
621 2410 655 2438 R.

281 2458 304 2496 ²³)
328 2458 392 2489 Vol.
414 2458 458 2489 IV
481 2458 556 2488 1102
576 2458 611 2488 R.

281 2508 304 2546 ⁴)
325 2508 391 2539 Vol.
414 2508 458 2539 IV
479 2508 555 2538 1107
575 2508 610 2537 R.
