1848 2929
334 463 643 526 Conspectus
680 477 852 514 rerum
889 476 1016 526 quae
1053 460 1150 513 hoc
1185 458 1366 511 libello

683 539 1022 592 contmentur.

792 648 905 651 —
1430 657 1483 679 pag

180 713 418 742 Introductio
420 734 1337 743 ....................
1422 711 1497 739 1-5

182 772 273 801 Pars
306 773 424 808 prior:
472 771 662 807 Quatenus
697 772 874 801 Libanius
913 772 949 800 in
989 770 1196 799 sententfis
1230 772 1266 799 et
1307 771 1343 798 in

472 821 580 849 rebus
609 829 649 849 ex
678 820 863 849 Herodoto
891 820 1051 856 pendeat
1053 842 1340 848 .......
1402 818 1499 846 5-53

240 870 357 906 Caput
377 869 407 898 I:
443 869 487 898 De
508 870 666 898 sententiis
670 890 1341 898 ...............
1402 868 1458 895 5—
1462 867 1498 895 47

317 920 343 947 A
375 918 411 947 de
432 918 529 947 tribus
550 918 737 956 diegematis.
798 939 1341 947 ............
1422 916 1499 944 5-9

317 968 340 995 Β
372 967 407 996 de
427 969 465 996 iis
487 968 634 1004 operibus,
660 968 690 995 in
712 967 819 1002 quibus
841 968 1052 1003 argumentum
1072 966 1143 1002 fert,
1166 968 1201 994 ut
1224 968 1343 994 senten-

374 1017 436 1044 tiae
457 1024 494 1044 ex
515 1016 667 1044 Herodoto
689 1016 918 1051 depromantur:
946 1038 952 1044 .
997 1038 1001 1042 .
1092 1036 1341 1043 ......
1403 1013 1499 1042 9-23

395 1066 410 1093 1
444 1065 479 1093 de
501 1064 573 1093 decl.
595 1061 805 1101 πρεσβευτικὸς
821 1062 990 1095 Ὀδυσσέως
1010 1065 1068 1092 κτλ.
1090 1064 1245 1099 inscripta.
1288 1085 1294 1091 .
1337 1086 1343 1092 .
1404 1062 1501 1091 9-—10

394 1114 412 1141 2
444 1113 479 1141 de
501 1113 575 1142 decL
599 1111 729 1149 Ινὲοκλῆς
750 1116 780 1140 et
804 1111 1004 1150 (aquaoroaezjg
1025 1112 1188 1147 inscriptis.
1241 1134 1246 1139 .
1290 1135 1296 1140 .
1332 1125 1344 1140 ·.
1387 1111 1498 1139 11-—18

395 1162 414 1191 3
446 1162 482 1191 de
503 1161 575 1191 decl.
598 1165 705 1200 Κίμων
726 1160 818 1190 αἰτῶν
838 1163 897 1189 κτλ.
920 1161 1074 1197 inscripta.
1143 1182 1344 1190 .....
1388 1161 1498 1188 18-21

395 1212 414 1239 4
446 1211 481 1239 de
503 1211 576 1239 decl.
604 1215 706 1248 Τίμων
726 1209 835 1239 ἑαυτὸν
855 1212 1070 1247 προσαγγέλλει
1094 1210 1248 1245 inscripta.
1289 1233 1295 1239 .
1338 1232 1343 1238 .
1385 1210 1501 1237 22—23

318 1259 339 1287 C
372 1259 407 1286 de
428 1259 537 1287 ceteris
559 1258 697 1294 scriptis:
753 1280 1344 1287 .............
1386 1257 1500 1285 23-47

399 1309 410 1335 1
446 1307 481 1335 de
512 1308 671 1335 sententiis
698 1307 914 1343 compluribus,
953 1314 1028 1341 quas
1062 1306 1164 1334 rhetor
1193 1315 1284 1334 unum
1317 1307 1348 1346 in

444 1357 541 1385 locum
563 1357 663 1393 coegit
666 1378 1345 1386 ...............
1388 1356 1503 1384 23—32

397 1405 414 1433 2
446 1405 481 1433 de
502 1405 539 1433 iis
555 1404 724 1440 sententiis,
745 1413 822 1440 quae
837 1404 975 1441 singulae
996 1404 1045 1432 hic
1059 1404 1122 1432 illic
1137 1405 1345 1432 inveniuntur:
1387 1405 1453 1433 32—
1465 1405 1502 1432 47

475 1464 493 1483 a
525 1454 560 1483 de
581 1455 619 1483 fis
640 1463 715 1490 quae
737 1454 774 1482 ad
797 1454 958 1482 Persarun1
979 1454 1058 1482 beHa
1078 1455 1239 1490 perfinent.
1292 1477 1297 1482 .
1340 1477 1345 1483 .
1388 1454 1505 1483 33-40

475 1503 493 1532 b
525 1503 561 1531 de
582 1504 620 1531 fis
640 1511 716 1537 quae
737 1503 775 1530 ad
796 1503 937 1531 Croefflnn
957 1503 1118 1538 perfinent.
1196 1525 1201 1530 .
1244 1525 1250 1531 .
1291 1525 1297 1531 .
1342 1526 1347 1532 .
1389 1503 1505 1531 40-42

475 1560 490 1579 c
525 1551 560 1579 de
581 1552 690 1579 ceteris
712 1551 880 1580 sententfis.
950 1574 1347 1580 .........
1389 1551 1504 1579 42-47

241 1600 497 1637 Caputllzlk
519 1600 607 1628 umus
610 1622 1346 1629 ................
1388 1600 1505 1628 4Ἇ-53

183 1669 274 1697 Pars
296 1669 435 1697 altera:
458 1668 549 1704 Quid
571 1668 699 1696 rhetor
720 1669 755 1696 in
777 1668 1191 1696 elocutionelierodoto
1214 1668 1355 1696 debeat.
1388 1668 1504 1697 53-96

241 1728 360 1764 Caput
413 1728 441 1756 1:
472 1728 514 1756 De
535 1728 689 1756 vocabulis
711 1727 925 1764 singularibus.
998 1749 1346 1757 ........
1388 1728 1505 1756 53—66

240 1777 358 1813 Caput
398 1776 442 1805 II:
472 1777 515 1804 De
536 1776 691 1805 vocabulis
712 1776 861 1812 singulari
881 1777 1004 1804 notione
1025 1776 1177 1805 adhibitis.
1244 1800 1249 1805 .
1293 1800 1298 1805 .
1342 1800 1348 1806 .
1389 1777 1504 1805 66—77

239 1826 355 1861 Caput
375 1824 436 1853 111:
465 1825 509 1853 De
530 1825 689 1853 verborum
711 1825 883 1853 structuris.
947 1846 1344 1854 .........
1387 1826 1502 1854 77—79

240 1874 356 1909 Caput
385 1873 439 1901 IV:
467 1874 512 1901 De
534 1874 750 1902 locutionibus:
801 1896 1246 1904 ..........
1262 1902 1264 1904 ,
1289 1897 1295 1903 .
1339 1898 1344 1902 .
1387 1875 1502 1902 79-94

317 1923 343 1950 Α
375 1922 418 1950 De
438 1922 640 1951 locutionibus
661 1930 737 1957 quae
758 1923 856 1950 verbis
878 1923 1080 1952 continentur.
1143 1946 1344 1952 .....
1388 1923 1504 1952 79—90

317 1971 341 1999 P»
374 1971 416 1999 De
437 1971 607 1999 nominibus
628 1972 708 1999 inter
729 1979 793 1999 sese
815 1972 992 1999 coniunctis.
1047 1994 1346 2001 .......
1386 1972 1502 2000 90—93

317 2019 338 2048 C
372 2020 415 2047 De
435 2019 558 2047 vocibus
580 2029 598 2047 a
617 2020 892 2055 praepositionibus
914 2021 1075 2056 suspensis,
1145 2043 1345 2049 .....
1387 2021 1503 2049 93—94

240 2070 356 2105 Caput
396 2069 438 2097 V:
465 2068 510 2096 De
532 2068 668 2096 formulis
672 2091 1344 2098 ..............
1386 2071 1502 2098 95-96

240 2118 357 2153 Caput
378 2117 434 2145 VI:
465 2117 508 2145 De
528 2116 631 2145 Ionica
652 2117 845 2153 anastropha.
898 2140 1344 2147 ..........
1464 2119 1502 2147 96

183 2176 389 2206 Conclusio
458 2198 1343 2206 ...................
1385 2177 1501 2206 96-97

182 2235 337 2264 Indices.
405 2257 1339 2264 ....................
1381 2236 1520 2264 98—102
