1848 2929
885 203 933 237 44

234 323 270 355 et
296 320 334 355 in
361 320 526 364 sequenti
552 321 672 365 capite
699 322 745 355 ab
772 320 1057 356 Halicarnasseo
1084 323 1290 364 narrantur,
1319 331 1341 355 a
1358 320 1514 355 Libanio
1542 330 1586 355 ex

234 378 298 414 illo
317 379 532 424 deprompta
545 382 638 415 sunt.
668 380 722 415 De
735 379 1047 424 Lacedaemoniis,
1063 378 1135 423 qui,
1151 389 1231 414 cum
1249 378 1313 414 illo
1332 378 1479 414 oraculo
1498 378 1586 414 freti

233 438 407 483 Tegeatis
438 438 571 474 bellum
598 438 809 474 intulissent
839 439 913 474 rati
939 449 1019 474 sese
1045 448 1106 474 eos
1133 437 1294 473 victuros
1321 448 1414 482 esse,
1442 440 1588 482 praeter

233 507 333 540 spem
360 498 406 532 ab
433 497 480 532 iis
507 497 597 532 victi
625 500 739 539 erant,
767 497 974 533 Herodotus
1006 497 1045 531 in
1072 496 1135 531 illo
1164 497 1288 531 eodem
1320 495 1441 540 capite
1466 495 1588 540 pergit

232 565 403 591 narrare:
444 553 670 595 ἑσσωθέντες
702 553 742 592 δὲ
767 557 812 603 τῇ
844 556 1021 603 συμβολῇ,
1057 552 1138 591 ὅσοι
1171 552 1290 591 αὐτῶν
1316 551 1585 602 ἐζωγρήθησαν,

234 611 369 652 πέδας
386 626 430 647 τε
448 612 623 656 ἔχοντες
639 611 704 652 τοὶς
718 612 893 661 ἐφέροντο
911 612 1016 649 αὐτοὶ
1035 614 1095 649 καὶ
1114 612 1244 658 σχοίνῳ
1260 610 1587 659 διαμετρησάμενοι

232 668 273 708 τὸ
308 670 436 708 πεδίον
468 669 509 708 τὸ
548 670 750 719 Τεγεητέων
784 669 1031 720 ἐργάζοντο,
1066 682 1158 716 quae
1189 672 1303 708 verba
1336 670 1515 707 Libanius
1549 670 1587 706 in

235 731 355 767 animo
382 732 506 776 habet,
542 743 621 767 cum
649 732 739 767 dicit
770 732 809 767 in
836 743 886 767 or.
915 732 1009 767 XIII
1036 732 1102 768 30:
1140 729 1182 779 ἢν
1207 729 1333 776 ἔτεμον
1358 731 1587 777 Σπαρτιᾶται

234 791 297 836 γῆν
333 791 534 834 Τεγεατῶν,
572 789 705 836 ταύτην
743 788 998 837 εἰργάζοντο
1036 792 1115 830 τοῖς
1149 787 1350 836 νενικηκόσι
1389 789 1587 832 χοίνικας

232 845 422 892 ἔχοντες,
450 848 580 892 quibus
606 848 697 884 locis
722 849 900 884 Herodoti
927 852 962 884 et
979 848 1129 884 Libanii
1156 848 1266 884 etiam
1285 849 1476 884 verborum
1503 858 1587 883 con-

231 910 357 941 centus
385 908 610 942 observatur.
647 907 737 941 Tum
764 907 802 941 in
820 907 985 949 sequenti
1009 907 1130 950 capite
1149 906 1182 951 (I
1199 907 1261 951 67)
1280 906 1586 940 Halicarnasseus

231 967 360 999 narrat
376 963 688 1009 Lacedaemoniis,
717 963 779 1008 qui
798 964 979 1009 Tegeatas
998 964 1143 1000 vincere
1169 974 1241 999 non
1258 963 1472 1008 potuissent,
1500 973 1584 998 con-

230 1023 443 1067 sulentibus,
471 1023 574 1059 cuius
592 1023 650 1058 dei
678 1023 817 1059 auxilio
836 1023 1018 1068 Tegeatas
1036 1022 1244 1068 superaturi
1262 1026 1392 1067 essent,
1411 1021 1584 1067 Pythiam

231 1081 472 1125 praecepisse,
500 1084 540 1115 ut
558 1081 700 1116 Orestis
727 1091 810 1116 ossa
837 1085 1073 1117 arcesserent.
1110 1081 1210 1126 Quae
1228 1081 1396 1124 quoniam
1423 1079 1584 1124 reperire

231 1149 303 1175 non
328 1139 548 1185 potuissent,
583 1139 636 1176 eis
662 1139 794 1176 iterum
821 1140 1096 1186 quaerentibus,
1123 1140 1186 1176 ubi
1212 1139 1354 1177 Orestis
1380 1138 1584 1184 sepulcrum

232 1202 337 1243 esset,
365 1209 541 1243 responsa
567 1210 646 1234 esse
672 1200 779 1235 haec:

366 1255 467 1293 Ἔστι
492 1270 551 1298 τις
576 1255 766 1305 Ἀρκαδίης
797 1256 908 1305 Τεγέη
933 1257 1049 1306 λευρῷ
1076 1256 1130 1294 ε’νὶ
1156 1255 1274 1304 χώρῳ,
1303 1277 1347 1282 -

373 1314 452 1351 ἔνθ’
477 1314 782 1363 Ἀγαμεμνονίδην
807 1316 949 1360 κατέχει
975 1316 1151 1364 φυσίζοος
1176 1312 1250 1357 αἶα,

374 1373 437 1409 τὸν
464 1372 509 1409 σύ
535 1373 801 1419 κομισσάμενος
833 1373 964 1422 Τεγέης
990 1373 1240 1423 ἐπιτάρροθος
1266 1372 1365 1422 ἔσσῃ.

233 1433 290 1468 Ad
316 1433 406 1469 haec
434 1433 583 1469 oracula
609 1436 776 1478 spectare
803 1433 947 1470 videtur
972 1433 1150 1470 Libanius
1177 1434 1214 1469 in
1241 1444 1291 1470 or.
1310 1433 1436 1471 XXIV
1455 1433 1501 1469 34
1528 1432 1582 1468 di-

233 1503 337 1527 cens:
366 1490 456 1527 ὀστᾶ
482 1492 575 1537 (scil.
595 1493 667 1527 τῶν
691 1491 922 1535 τεθνεώτων)
948 1492 1086 1538 λογίοις
1113 1492 1288 1539 ἐτίμησαν
1315 1492 1407 1538 (scil.
1427 1491 1463 1527 οἱ
1481 1492 1582 1534 θεοὶ)

229 1549 275 1586 τά
312 1563 352 1585 τε
382 1548 549 1598 Ὀρέστου
586 1548 632 1585 τά
672 1564 710 1586 τε
752 1549 900 1598 Θησέως
913 1551 949 1598 ¹).
994 1571 1040 1576 -
1084 1551 1187 1597 Quod
1228 1551 1406 1587 Libanius
1450 1551 1488 1586 in
1530 1561 1581 1586 or.

229 1610 337 1646 XXV
355 1610 399 1646 12
423 1610 530 1646 dicit:
559 1608 642 1646 οὔτε
665 1608 803 1658 πλήθει
823 1611 997 1659 στρατιᾶς
1019 1612 1252 1647 καταπαῦσαι
1275 1609 1340 1659 τὴν
1358 1610 1583 1652 δυναστείαν,

231 1667 354 1716 ὥσπερ
388 1667 675 1714 Λακεδαιμόνιοι
707 1667 771 1716 τὴν
801 1671 874 1704 τιῦν
905 1670 1238 1716 Πεισιστρατιδῶν,
1274 1673 1310 1705 et
1343 1670 1409 1705 hoc
1440 1672 1584 1713 spectat

229 1728 276 1763 ad
314 1728 554 1773 Herodotum,
595 1728 656 1772 qui
696 1732 824 1764 narrat
864 1729 896 1766 V
923 1729 1068 1765 62—65
1102 1728 1410 1765 Lacedaemonios
1444 1728 1583 1765 oraculi

229 1787 399 1830 Delphici
434 1787 534 1822 iussu
561 1788 649 1822 duos
685 1788 867 1823 exercitus
894 1788 1047 1832 misisse,
1083 1788 1144 1831 qui
1171 1788 1412 1823 Athenienses
1439 1799 1461 1822 a
1486 1787 1582 1823 Pisi-

230 1844 397 1880 stratidis
414 1845 632 1890 liberarent3
660 1846 831 1890 quoniam
849 1846 1141 1892 Alcmaeonidae,
1170 1846 1232 1891 qui
1249 1846 1403 1883 Athenis
1421 1846 1582 1892 Delphos

230 1904 482 1955 confugerant,
510 1905 679 1949 Pythiam
706 1916 840 1949 magna
865 1907 1019 1949 pecunia
1046 1907 1301 1950 perduxerunt,
1334 1910 1374 1941 ut
1399 1906 1583 1941 Lacedae-

228 1961 369 1997 monios
388 1961 551 1997 Athenas
570 1973 593 1997 a
610 1963 778 2008 tyrannis
797 1963 955 1999 liberare
972 1963 1125 2008 iuberet,
1150 1967 1190 1999 ut
1207 1964 1361 2008 legimus
1379 1964 1476 2008 apud
1493 1964 1580 1999 Her.

229 2021 260 2057 V
288 2021 346 2065 62,
382 2020 561 2056 Libanius
595 2021 633 2056 in
661 2032 714 2066 ep.
739 2022 831 2057 1049
866 2025 963 2057 recte
997 2026 1119 2058 censet
1152 2022 1294 2058 dicens:
1335 2020 1422 2063 τούς
1452 2026 1581 2059 Πεισι-

229 2077 388 2128 στράτου
420 2079 560 2120 παῖδας
586 2078 715 2128 ἄνδρες
741 2079 900 2128 φυγάδες
931 2079 1100 2126 ἐξέβαλον
1112 2080 1149 2127 ²).
1186 2102 1231 2105 —
1266 2081 1406 2117 Deinde
1431 2081 1582 2117 Libanii

228 2140 342 2176 verba
367 2138 406 2175 in
425 2150 476 2175 or.
497 2139 515 2174 I
536 2140 621 2175 152:
650 2137 775 2188 ὥσπερ
801 2137 868 2188 γάρ
896 2138 915 2175 ὁ
935 2138 1195 2188 Θρασύβουλος
1220 2138 1320 2182 τούς
1345 2142 1427 2176 τῶν
1452 2138 1581 2177 ‹iava-

328 2259 349 2295 ι)
385 2258 470 2294 Quod
506 2258 654 2288 Libanius
690 2257 762 2287 deos
796 2258 904 2288 Thesei
939 2267 1008 2288 ossa
1053 2259 1174 2288 oraculo
1209 2259 1374 2288 honorasse
1414 2259 1580 2296 contendit,

228 2307 284 2336 hoc
305 2308 397 2336 etiam
427 2316 446 2336 a
475 2306 685 2336 Plutarcho
707 2306 794 2337 Thes.
816 2307 854 2336 36
883 2307 1035 2337 traditur:
1063 2311 1303 2347 μαντευομένοις
1328 2311 1390 2340 τοῖς
1411 2306 1582 2345 Ἀθηναίοις

229 2355 348 2386 ἀνεῖλεν
370 2355 384 2393 ἢ
402 2361 508 2386 Πυθία
530 2355 565 2386 τὰ
583 2359 703 2393 Θησέως
723 2354 886 2393 ἀναλαβεῖν
907 2355 983 2388 ὄστᾶ
1004 2360 1055 2386 καὶ
1068 2361 1220 2396 θεμένους
1240 2359 1367 2396 ἐντίμως
1387 2355 1455 2394 παρ’
1478 2355 1581 2391 αὐτοῖς

230 2404 392 2442 φυλάττειν
423 2409 454 2434 et
480 2406 553 2435 Cim.
575 2406 612 2435 8:
649 2399 686 2442 ἦν
715 2404 853 2444 χρησμὸς
877 2405 1049 2444 Ἀθηναίοις
1079 2406 1114 2436 τὰ
1144 2410 1262 2444 Θησέως
1291 2408 1422 2443 λείψανα
1452 2405 1581 2436 κελεύων

230 2452 427 2493 ἀνακομίζειν
449 2459 491 2488 εἰς
511 2452 588 2484 ἄστυ
609 2458 659 2484 καὶ
681 2454 773 2494 τιμᾶν
794 2453 833 2488 ὥς
852 2453 934 2494 ἥρωα
955 2455 1136 2494 πρεπόντως.

329 2504 351 2542 ²)
372 2505 484 2535 Eadem
506 2507 611 2543 paucis
633 2508 906 2536 commemorantur
927 2515 945 2535 a
966 2506 1182 2543 Thucydide
1203 2506 1246 2537 VI
1266 2506 1313 2536 59.
