1848 2929
849 219 896 256 65

300 335 528 385 *ἐξώστης
588 337 668 373 Hoc
706 337 941 382 adiectivum,
985 338 1079 381 quod
1118 339 1239 373 exstat
1279 336 1365 372 Her.
1393 336 1432 371 II
1460 335 1544 371 113:

203 394 387 440 ἐξῶσται
424 393 576 441 ἄνεμοι
611 395 869 442 ἐκβάλλουσι
908 396 1000 443 (scil.
1027 400 1108 441 μιν)
1144 395 1186 437 ἐς
1218 394 1266 431 τό
1299 393 1546 441 Αἰγύπτιον

203 452 405 500 πέλαγος,
432 454 608 490 Libanius
633 455 782 491 adhibet
807 455 845 490 in
870 466 921 491 or.
949 455 1037 490 LIX
1066 456 1152 490 138:
1181 453 1364 499 ἐξῶσται
1391 452 1431 490 δὲ
1455 452 1546 489 ὑπο-

202 511 445 558 λαμβάνοντες
491 511 644 558 ἄνεμοι
690 512 783 562 πρὸς
825 511 1030 561 ἀπέραντον
1071 511 1307 561 ἐκφέρουσι
1349 511 1545 558 πέλαγος.

202 571 280 607 Iam
313 575 462 617 propter
486 572 759 609 similitudinem
794 573 953 610 locorum
986 573 1029 608 de
1059 572 1263 608 imitatione
1296 572 1375 608 iure
1406 571 1545 616 eogita-

203 640 299 675 mus;
335 631 403 666 hue
428 631 569 667 accedit
595 632 687 675 quod
704 631 883 667 Libanius
908 631 973 667 illo
994 632 1072 667 loco
1092 631 1276 676 complura
1302 632 1414 667 verba
1430 631 1546 666 Hero-

204 689 280 725 doti
305 689 455 734 propria
480 690 671 735 usurpavit
682 690 718 737 ¹).
761 690 950 727 Invenitur
974 691 1042 726 hoc
1068 690 1286 726 adiectivum
1313 689 1423 725 etiam
1449 689 1546 733 apud

203 747 401 784 Aeschin.
430 759 483 793 ep.
506 748 524 784 Ι
543 749 565 784 3
595 751 632 784 et
655 748 803 795 Synes.
831 760 885 794 ep.
906 749 976 785 129
987 748 1014 796 2)
1032 760 1066 793 p.
1083 749 1153 784 264
1167 749 1208 784 Β.

300 807 556 850 *κυματίας.
618 807 718 852 Quae
753 808 959 842 Herodotus
1001 808 1090 842 dicit
1130 808 1169 841 II
1196 808 1284 842 111:
1340 806 1546 851 πνεύματος

202 862 420 909 ἐμπεσόντος
465 864 678 912 κυματίης
714 863 735 902 o‘
775 863 940 910 ποταμός
977 864 1147 911 ἐγένετο
1190 865 1346 910 (fluvius
1376 866 1547 911 fluetibus

202 924 353 969 affatus
386 924 462 968 est),
497 924 587 959 haec
620 924 797 960 Libanius
831 924 870 959 in
903 924 1023 960 animo
1057 925 1167 960 habet
1200 924 1239 959 in
1277 935 1328 960 or.
1356 924 1463 961 XXV
1481 925 1544 959 44:

204 979 246 1029 ἢν
272 980 311 1018 δὲ
336 981 548 1027 κυματίας
581 981 600 1018 ὁ
627 982 741 1030 δῆμος
765 980 938 1030 γένηται
965 983 1026 1019 καὶ
1051 980 1174 1027 θυμός
1200 980 1294 1029 εἰσίῃ
1319 981 1382 1019 τὸν
1407 979 1545 1027 ὅμιλον.

202 1040 302 1075 Idem
328 1040 546 1077 adiectivum
573 1041 709 1086 legitur
733 1042 829 1086 apud
854 1041 1003 1077 Aeseh.
1022 1041 1137 1085 suppl.
1157 1041 1239 1085 541,
1266 1041 1328 1076 ubi
1354 1051 1467 1085 aeque
1492 1045 1548 1077 at-

202 1108 270 1142 que
296 1099 382 1134 Her.
398 1099 493 1136 VIII
513 1100 581 1135 118
607 1110 678 1135 non
697 1100 740 1135 de
765 1099 935 1135 fluctibus
962 1100 1124 1144 agitatis,
1151 1100 1215 1135 sed
1232 1100 1276 1135 de
1292 1101 1400 1135 vento
1418 1100 1548 1136 fluctus

202 1156 366 1201 agitante
392 1157 535 1192 dicitur.

299 1215 318 1236 *
332 1213 580 1262 πρόρριζος.
631 1216 711 1251 Hoc
748 1215 983 1259 adiectivum,
1027 1216 1122 1258 quod
1161 1215 1365 1251 adverbiali
1402 1216 1548 1252 notione

202 1274 406 1317 (radicitus)
445 1274 492 1308 ad
527 1275 641 1309 verba
678 1274 822 1309 delendi
856 1274 992 1318 apponi
1025 1274 1133 1318 solet,
1173 1274 1351 1309 Libanius
1385 1274 1423 1309 in
1457 1275 1546 1310 decl.

201 1331 220 1366 I
248 1332 318 1366 126
349 1330 519 1379 (πότερον
551 1327 615 1367 οὖν
650 1331 751 1379 δίκην
783 1330 876 1379 ὑπὲρ
908 1330 1065 1379 Ὀμήρου
1100 1330 1297 1377 λαμβάνειν
1330 1326 1437 1372 οὗτός
1471 1332 1544 1369 ἐστι

202 1389 343 1429 δίκαιος
382 1388 403 1437 ἢ
441 1388 581 1426 διδόναι
620 1390 771 1435 μᾶλλον,
815 1388 855 1429 ὃς
891 1388 957 1437 τήν
994 1388 1178 1427 ὑπόθεσιν
1219 1388 1317 1436 αὐτῷ
1354 1390 1548 1439 καταφέρει

201 1446 460 1496 πρόρριζον)
486 1459 531 1484 ex
548 1449 634 1484 Her.
655 1448 674 1484 I
692 1449 738 1484 32
765 1448 953 1491 (πολλοῖσι
980 1448 1046 1496 γὰρ
1073 1447 1256 1493 ὑποδέξας
1282 1447 1390 1495 ὄλβον
1415 1447 1434 1485 ὁ
1458 1448 1548 1490 θεὸς

200 1506 469 1554 προρρίζους
494 1505 688 1555 ἀνέτρεψε)
715 1507 912 1551 sumpsisse
938 1507 1026 1542 mihi
1053 1508 1198 1543 videtur
1223 1511 1426 1551 propterea,
1454 1509 1548 1551 quod

199 1563 264 1601 illo
298 1565 448 1601 Libanii
480 1565 559 1602 loco
596 1575 709 1610 aeque
742 1568 850 1610 atque
886 1565 923 1601 in
957 1565 1079 1602 eodem
1115 1565 1179 1602 illo
1213 1565 1391 1602 Herodoti
1427 1566 1548 1612 capite

200 1624 419 1661 adiectivum
455 1624 595 1665 δίκαιος
631 1626 754 1660 eadem
786 1625 933 1660 notione
970 1628 1077 1667 atque
1112 1622 1214 1667 ἄξιος
1249 1635 1329 1660 oum
1365 1625 1547 1662 infinitivo

200 1682 428 1718 coniunctum
453 1686 574 1719 exstat
606 1682 706 1730 (Her.
734 1683 753 1718 I
778 1683 843 1718 32:
879 1681 1049 1722 δίκαιός
1075 1681 1166 1719 ἐστι
1191 1681 1428 1731 φέρεσθαι,
1463 1684 1544 1720 Lib.

200 1741 290 1777 decl.
324 1742 344 1777 I
373 1742 460 1777 126:
520 1740 756 1787 λαμβάνειν
798 1735 924 1782 οὗτός
965 1740 1057 1777 ἐστι
1101 1741 1302 1784 δίκαιος).
1366 1741 1421 1778 Of.
1457 1743 1544 1778 Her.

199 1799 258 1835 III
280 1800 337 1836 40.
365 1800 418 1837 VI
442 1800 489 1835 86
507 1800 547 1844 ‹5;
600 1801 661 1836 sed
706 1800 815 1836 etiam
854 1799 986 1847 (Eur.)
1016 1800 1123 1836 Rhes.
1155 1810 1293 1845 argum.
1322 1800 1395 1836 fab.
1424 1812 1457 1836 v.
1478 1802 1544 1846 44;

200 1858 418 1895 Andocid.
455 1870 505 1895 or.
545 1859 564 1895 I
596 1859 684 1904 146;
745 1859 1047 1903 Theophrast.
1089 1859 1173 1894 hist.
1206 1859 1318 1903 plant.
1362 1859 1421 1894 III
1447 1860 1480 1904 6,
1505 1861 1544 1904 4;

199 1916 321 1952 Dion.
348 1917 462 1953 Cass.
490 1917 548 1962 37,
567 1917 630 1962 58;
678 1917 843 1962 Ioseph.
870 1917 953 1953 bell.
979 1917 1057 1952 Iud.
1084 1917 1156 1954 VII
1182 1918 1216 1961 8,
1242 1918 1282 1961 73
1339 1917 1542 1953 Themist.

199 1986 233 2020 p.
254 1976 335 2019 157,
358 1975 413 2012 10.
442 1976 524 2021 256,
544 1976 600 2012 25.

297 2033 592 2083 *τριώροφος,
619 2035 713 2079 quod
738 2036 784 2071 ab
810 2035 995 2071 Herodoto
1022 2036 1147 2071 urbem
1172 2033 1456 2080 Babyloniorum
1483 2035 1543 2070 de-

199 2093 380 2130 scribente
416 2094 435 2129 I
466 2094 535 2130 180
571 2094 774 2140 adhibetur,
810 2094 989 2130 Libanius
1025 2104 1069 2129 ex
1105 2094 1172 2129 hoc
1206 2093 1285 2129 loco
1321 2093 1544 2137 deprompsit

199 2152 238 2187 in
264 2163 315 2188 or.
342 2153 398 2188 XI
423 2154 513 2197 225;
548 2164 633 2189 nam
664 2164 709 2189 ex
734 2153 799 2189 illo
825 2153 1002 2189 Herodoti
1034 2153 1153 2197 capite
1179 2153 1301 2187 rhetor
1327 2152 1436 2187 etiam
1467 2152 1542 2187 alia

199 2210 363 2256 sumpsit,
395 2211 496 2248 velut
520 2211 741 2249 adiectivum
765 2209 1059 2260 ἀναπαυστήριος
1068 2210 1107 2258 ³),
1140 2209 1403 2246 substantivum
1434 2222 1542 2245 κατα-

200 2268 294 2317 γωγή
303 2269 343 2316 ⁴),
378 2274 597 2307 structuram
630 2273 765 2317 μεσοῦν
795 2283 893 2311 τινος
902 2271 942 2317 ⁵).
994 2271 1188 2306 Praeterea
1223 2270 1317 2313 apud
1349 2269 1542 2304 Libanium

300 2366 321 2404 ¹)
343 2366 420 2398 Vide
438 2376 508 2406 pag.
529 2368 586 2398 61..

298 2415 321 2452 ²)
341 2416 397 2446 Ed.
419 2416 596 2455 Hereher,
617 2416 792 2455 epistologr.
808 2417 924 2447 Graeci.

297 2464 320 2501 ⁸)
341 2464 417 2503 Pag.
438 2466 486 2496 64.
646 2466 669 2504 ¹)
690 2466 765 2504 Pag.
787 2467 833 2496 74.

297 2512 321 2550 ⁶)
343 2512 417 2551 Pag.
439 2515 476 2543 77
485 2523 528 2551 sq.

260 2580 409 2610 Werner,
432 2582 469 2605 De
485 2582 596 2606 Libana
612 2579 708 2607 studiis
725 2582 885 2606 Hei-odotem
1408 2574 1426 2601 5
