1848 2929
801 217 849 254 89

155 336 208 372 IV
233 335 315 378 573,
342 335 381 369 2:
426 332 503 370 οὐδ’
541 333 577 369 ἕν
618 333 845 382 τηλικούτοις
883 333 1107 381 βιωσόμενος
1149 332 1283 381 φόβοις
1320 330 1501 379 ἐτόλμησα

156 393 285 442 ῥῆξαι
312 391 471 441 φωνήν,
498 393 569 430 vol.
588 394 641 431 IV
658 395 740 440 323,
759 396 800 431 2:
827 393 1059 443 ῥαγήσεται
1085 391 1221 442 φωνή,
1255 404 1305 429 or.
1324 392 1418 428 XIX
1436 392 1498 428 31:

155 450 266 488 αὐτὸν
292 451 331 488 δὲ
357 450 421 486 οὐκ
446 452 504 487 εἲα
530 452 657 500 ῥῆξαι
683 453 843 501 φωνήν,
876 464 926 489 or.
946 453 1059 488 XXII
1076 453 1116 488 5:
1144 451 1290 500 φωνὴν
1314 449 1501 498 ἔρρηξα-ν

155 509 410 558 στασιαστικήν
436 509 495 557 (de
519 510 567 547 iis
585 511 646 555 qui
672 515 780 548 antea
805 512 1020 557 tacuerunt),
1048 522 1199 556 quocum
1225 510 1304 547 loco
1331 509 1500 546 conferas

155 570 241 605 Her.
255 570 286 606 V
304 570 369 605 93:
397 567 538 617 φωνήν
556 568 633 617 ῥήξ
639 582 688 610 ας
705 570 763 617 (de
782 582 822 606 eo
840 571 903 614 qui
920 574 1028 606 antea
1045 571 1186 615 tacuit).
1214 569 1394 606 Similiter
1412 568 1503 604 dicit

155 627 367 663 Demosth.
396 638 446 662 or.
474 628 530 663 IX
556 628 620 663 61:
661 626 704 663 οὐ
737 628 915 676 πρότερον
945 627 1140 676 ἐτόλμησεν
1176 626 1299 667 οὐδεὶς
1331 625 1501 663 τοιούτου

155 686 265 721 κακοῦ
291 683 507 732 προσιόντος
534 685 840 735 ῥῆξαιᾼφωνήν.

254 750 458 797 συμφορᾷ
490 751 692 798 χρῆσθαι.
743 751 848 787 Hanc
873 751 1088 787 locutionem
1116 751 1294 787 Libanius
1332 751 1371 786 in
1408 749 1497 785 decl.

156 808 211 844 IX
241 809 284 859 12
332 806 389 849 (οἱ
429 812 676 857 συμφοραῖς
713 809 989 857 κεχρημένοι)
1034 821 1106 845 una
1149 821 1227 846 cum
1274 808 1399 856 ἀλγεῖν
1436 806 1500 856 τήν

157 865 278 913 ψυχήν
288 866 330 912 1),
382 877 474 911 quae
516 868 554 903 in
604 869 728 903 eadem
770 869 1000 913 paragrapho
1038 872 1171 912 exstat,
1229 879 1273 903 ex
1315 868 1499 903 Herodoto

154 928 337 961 mutuatus
380 930 452 970 est3
500 937 583 962 nam
626 928 722 971 apud
763 928 856 962 hunc
898 927 957 961 III
983 927 1029 962 40
1071 927 1223 971 legitur:
1273 925 1337 974 τήν
1377 924 1498 973 ψυχήν

154 981 324 1030 ἀλγήσεις
362 988 398 1019 et
432 985 539 1028 paulo
578 988 660 1028 post
697 985 755 1019 III
781 986 847 1019 41:
888 986 1058 1032 συμφορᾷ
1089 984 1234 1032 ἐχρᾶτο,
1271 986 1364 1028 quod
1403 985 1497 1019 idem

154 1041 340 1086 significat
365 1045 473 1086 atque
503 1043 540 1079 in
567 1043 659 1080 luctu
685 1047 784 1089 atque
809 1055 963 1079 maerore
987 1055 1068 1079 esse.
1121 1043 1179 1079 Ex
1210 1043 1286 1079 illis
1313 1043 1496 1088 capitibus

154 1100 331 1135 Herodoti
357 1101 414 1136 III
440 1101 488 1136 40
501 1111 553 1144 sq.
582 1105 831 1145 argumentum
858 1102 1071 1145 diegematis
1097 1102 1247 1136 Libanii
1281 1103 1383 1148 περὶ
1411 1105 1497 1136 Πο-

155 1157 390 1206 λυκράτους
423 1159 572 1195 fiuxisse
603 1170 714 1204 supra
744 1159 1067 1196 demonstravimus
1078 1159 1115 1206 ²).
1168 1160 1304 1195 Eadem
1337 1160 1404 1195 illa
1434 1170 1496 1195 no-

154 1217 253 1253 tione
280 1218 494 1254 locutionem
522 1218 670 1254 adhibet
695 1219 900 1255 Herodotus
921 1219 994 1256 VII
1013 1219 1101 1255 134:
1129 1217 1346 1264 ἀχθομένων
1372 1219 1412 1255 δὲ
1436 1219 1497 1255 καὶ

157 1278 359 1325 συμφορῇ
384 1275 635 1324 χρεωμένων
668 1280 704 1313 et
734 1278 826 1314 VIII
852 1278 916 1313 20:
955 1276 993 1313 ἐν
1017 1280 1113 1314 τοῖσι
1145 1276 1226 1314 τότε
1257 1277 1432 1325 παρεοῦσί
1457 1292 1496 1314 τε

155 1335 214 1371 καὶ
240 1335 521 1382 προσδοκίμοισι
546 1338 686 1372 κακοῖσι
718 1337 840 1384 παρῆν
866 1349 932 1383 σφι
960 1338 1160 1384 συμφορῇ
1186 1338 1378 1384 χρᾶσθαι
1405 1335 1498 1384 πρὸς

154 1391 199 1428 τοὶ
230 1391 394 1439 μέγιστα.
446 1394 516 1430 Sed
542 1394 653 1430 etiam
680 1395 828 1430 eandem
853 1395 928 1442 vim
954 1395 1063 1430 habet
1088 1395 1222 1431 locutio
1249 1405 1355 1438 quam
1380 1395 1496 1430 latina

155 1453 259 1488 malis
285 1454 401 1498 urqeri
427 1454 523 1497 apud
548 1454 771 1489 Herodotum
796 1454 816 1488 I
833 1454 898 1488 42:
927 1451 1009 1489 οὔτε
1034 1452 1100 1500 γὰρ
1128 1454 1327 1501 συμφορῇ
1350 1455 1497 1500 τοιῇδε

155 1509 415 1558 κεχρημένον
449 1509 546 1552 οἰκός
584 1510 662 1547 ἐστι
699 1510 736 1553 ἐς
774 1510 949 1559 ὁμήλικας
987 1507 1028 1548 εὖ
1065 1511 1292 1560 πρήσσοντας
1331 1510 1423 1548 ἰέναι
1462 1515 1498 1547 et

155 1571 250 1614 apud
277 1570 471 1605 Libanium
504 1571 543 1605 in
569 1582 619 1606 or.
646 1571 716 1607 XV
734 1572 799 1606 61:
829 1573 1034 1618 συμφορᾷ
1068 1571 1108 1607 δὲ
1133 1570 1401 1618 χρησαμένης
1425 1572 1497 1605 τῶν

155 1627 414 1675 βοηθησόντων
446 1626 612 1675 οἷπορεῖν.
664 1628 719 1664 Of.
748 1629 962 1664 Demosth.
991 1640 1041 1664 or.
1069 1629 1161 1664 XXI
1183 1629 1247 1664 58:
1279 1626 1496 1675 ἀστρατείας

157 1683 231 1734 ἥλω
257 1686 317 1723 καὶ
343 1686 547 1735 κέχρηται
575 1688 788 1736 συμφορᾷ.

253 1753 380 1797 θυμῷ
412 1753 603 1798 χρῆσθαι
642 1753 689 1786 ab
722 1752 906 1787 Herodoto
946 1752 1080 1787 dicitur
1115 1752 1259 1787 notione
1300 1752 1498 1796 indulgendi

154 1809 230 1845 irae
254 1809 273 1845 I
293 1810 379 1846 155:
419 1807 470 1858 μή
492 1807 611 1846 πάντα
641 1811 769 1856 θυμῷ
799 1809 899 1859 χρέο
931 1810 1018 1857 (noli
1039 1822 1186 1856 prorsus
1210 1811 1284 1846 irae
1310 1809 1496 1856 indulgere)

155 1872 190 1903 et
223 1869 241 1903 I
270 1869 357 1904 137:
392 1867 641 1914 λογισάμενος,
676 1867 718 1916 ἢν
743 1868 890 1917 εὑρίσκῃ
927 1869 1026 1906 πλέω
1060 1883 1099 1904 τε
1129 1869 1188 1904 καὶ
1222 1868 1317 1914 μέζω
1342 1866 1386 1904 τὰ
1418 1866 1497 1904 ἅδι-

153 1924 295 1974 κήματα
329 1925 434 1962 ἐόντα
459 1927 529 1963 τιῦν
559 1925 850 1975 ὑπουργημάτων
876 1927 968 1974 (scil.
996 1929 1067 1963 τῶν
1094 1926 1284 1970 οἰκετέων),
1319 1924 1412 1962 οὕτω
1444 1928 1497 1973 τῷ

154 1988 281 2032 θυμῷ
306 1988 478 2034 χρᾶται;
506 1987 629 2022 eodem
654 1987 758 2022 modo
777 1987 955 2023 Libanius
973 1986 1189 2023 locutionem
1215 1989 1364 2030 usurpat
1389 1986 1427 2021 in
1444 1996 1495 2021 or.

153 2044 227 2079 XX
255 2046 318 2079 12:
354 2044 391 2079 ἐν
416 2043 515 2090 αὐτῷ
540 2044 656 2090 τούτῳ
687 2043 729 2081 τὸ
759 2044 945 2092 κρείττους
975 2041 1069 2081 εἶναι
1097 2044 1298 2081 δεικνύουσι
1327 2045 1380 2090 τῷ
1403 2043 1496 2090 μηδὲ

154 2103 284 2150 δικαίῳ
312 2105 504 2152 χρῆσθαι
530 2105 657 2150 θυμῷ
683 2107 719 2140 et
737 2104 775 2140 in
792 2104 863 2141 vol.
882 2104 934 2142 IV
952 2105 1089 2150 562‚2:
1116 2103 1157 2140 τὸ
1184 2103 1223 2140 δὲ
1248 2101 1497 2151 χρήσασθαι

154 2164 280 2208 θυμῷ
314 2163 409 2208 καλῷ
439 2161 531 2210 πρὸς
562 2162 673 2209 φόνον
704 2161 747 2200 οὕ
779 2163 940 2205 δίκαιον,·
979 2167 1016 2198 et
1047 2164 1085 2198 in
1117 2174 1169 2207 ep.
1192 2163 1302 2198 1043:
1337 2163 1402 2197 νοῦ
1430 2162 1496 2206 μὲν

154 2220 218 2259 ἐπὶ
245 2223 415 2259 πλεῖστον
442 2219 545 2270 ἥκων,
572 2222 700 2268 θυμῷ
725 2222 765 2259 δὲ
791 2220 845 2264 εἰς
872 2221 953 2260 δέον
977 2220 1196 2271 χρώμενος
1222 2224 1257 2257 et
1282 2220 1319 2256 in
1338 2231 1391 2266 ep.
1407 2221 1495 2256 578:

153 2281 332 2328 πρᾳότητι
366 2281 431 2326 μὲν
466 2279 558 2328 πρὸς
593 2280 678 2321 τούς
714 2280 907 2324 ἐπιεικεῖς,
942 2284 1071 2327 θυμῷ
1106 2280 1145 2317 δὲ
1177 2282 1366 2327 χρῆσθαι
1403 2278 1497 2327 πρὸς

152 2338 238 2379 τοὺς
263 2337 455 2384 δεομένους
481 2339 593 2386 δίκης.
645 2338 748 2384 Quod
779 2340 891 2375 etiam
916 2339 1156 2376 Pausanias
1188 2338 1335 2373 eandem
1366 2338 1497 2373 locuti-

253 2465 273 2504 ¹)
297 2466 372 2497 Vide
391 2475 459 2504 pag.
481 2466 528 2497 81.

251 2515 274 2553 ²)
295 2515 372 2545 Vide
392 2524 460 2554 pag.
481 2515 508 2546 6.
