1848 2929
962 225 1010 260 86

405 339 501 382 *εἰς
527 340 712 388 λέβητας
739 339 1001 388 εἰσβάλλειν.
1033 342 1133 388 Quae
1152 342 1330 378 Libanius
1356 342 1393 378 in
1421 354 1471 378 or.
1491 343 1596 380 LVII
1615 345 1660 379 27

305 400 590 444 proverbialiter
616 401 722 436 dicit:
759 399 824 436 οὐκ
857 399 920 442 εἰς
951 400 1138 448 λέβητας
1170 400 1377 448 ἐνέβαλον
1408 400 1492 438 οὐδὲ
1518 401 1662 450 ἑψήσας

306 456 455 507 ἔφαγον,
490 459 580 495 haec
607 460 727 495 refero
762 460 809 495 ad
839 460 925 495 Her.
954 460 1006 497 IV
1033 461 1095 505 61,
1132 460 1193 496 ubi
1225 461 1268 496 de
1293 460 1509 507 Scytharum
1541 471 1661 497 sacer-

307 518 452 554 dotibus
478 522 667 555 narratur:
695 519 871 565 γυμνοῦσι
902 517 947 556 τὰ
973 517 1081 556 ὀστέα
1106 521 1177 556 τῶν
1202 521 1326 568 κρεῶν,
1354 518 1482 557 ἔπειτα
1509 519 1662 567 ἐσβάλ-

307 578 448 619 λουσι,
484 576 525 625 ἢν
555 577 621 622 μὲν
646 576 782 621 τύχωσι
814 576 971 622 ἔχοντες,
1008 577 1050 619 ἐς
1076 577 1261 626 λέβητας
1287 577 1519 626 ἐπιχωρίους,
1550 600 1596 604 -
1624 578 1661 621 ἐς

307 635 460 677 τούτους
491 634 777 682 ἐσβάλλοντες
803 635 962 685 ἕψουσι
998 640 1034 672 et
1064 638 1110 673 ad
1137 638 1223 673 Her.
1251 638 1270 673 I
1299 638 1379 683 119,
1414 637 1476 673 ubi
1506 638 1661 683 legimus

310 696 521 741 Astyagem,
557 699 748 740 postquam
775 697 988 741 Harpagum
1020 696 1091 732 sibi
1118 707 1188 732 non
1220 696 1387 741 paruisse
1418 696 1660 742 cognovisset,

307 754 384 790 eius
427 765 576 799 puerum
620 754 819 791 ulciscendi
862 765 973 791 causa
1015 754 1248 790 interfectum
1291 755 1391 800 patri
1426 755 1660 800 necopinanti

309 814 483 849 edendum
511 813 669 858 dedisse;
702 814 849 849 videtur
875 813 989 858 igitur
1014 814 1138 849 rhetor
1165 824 1209 849 ex
1235 813 1299 849 illo
1327 814 1447 858 capite
1465 816 1588 859 verba,
1617 825 1662 850 ex

307 873 374 908 hoc
399 883 476 908 rem
503 872 710 917 sumpsisse.
1118 874 1120 877 ’

407 932 508 980 περὶ
540 932 614 979 τῆς
646 933 787 980 ψυχῆς
812 931 937 970 θέειν
971 932 1030 968 vel
1063 931 1245 979 τρέχειν.
1297 932 1545 977 Metaphorioe
1572 932 1662 968 dicit

307 991 513 1026 Herodotus
547 991 602 1026 IX
629 991 693 1026 37:
732 990 894 1039 τρέχων
927 991 1130 1039 περὶτῆς
1167 992 1309 1039 ψυχῆς
1344 1012 1390 1016 -
1425 989 1527 1039 ἔργον
1554 986 1661 1039 ’ἐργά-

308 1062 396 1086 σατο
422 1049 531 1094 μέζον
557 1049 675 1095 λόγου,
703 1051 736 1085 h.
757 1061 786 1085 e.
814 1051 855 1086 de
881 1051 953 1086 vita
979 1062 1046 1086 sna
1072 1062 1214 1086 currens
1241 1054 1294 1095 (=
1321 1051 1359 1085 in
1386 1051 1547 1086 ultimum
1573 1052 1662 1086 vitae

307 1109 493 1143 discrimen
519 1109 707 1151 adductus)
737 1129 781 1132 —
807 1108 1044 1144 inenarrabile
1065 1108 1217 1153 facinus
1244 1108 1389 1154 confecit
1423 1112 1458 1143 et
1491 1108 1662 1144 similiter

307 1167 380 1205 VII
406 1167 471 1203 57:
507 1167 608 1216 περὶ
639 1166 803 1203 ἑωυτοῦ
833 1166 1012 1214 τρέχων,
1056 1167 1148 1205 VIII
1176 1168 1265 1203 102:
1303 1165 1462 1208 πολλοὺς
1489 1166 1662 1210 πολλάκις

308 1225 449 1272 οἷγῶνας
476 1226 739 1274 δραμέονται
764 1228 866 1274 περὶ
886 1226 1028 1274 σφέων
1046 1224 1184 1263 αὐτῶν
1202 1225 1423 1274 οἱἛλληνες,
1437 1226 1529 1264 VIII
1549 1227 1660 1263 140a:

312 1285 434 1323 θέειν
467 1283 526 1321 ἀεὶ
560 1286 662 1333 περὶ
696 1284 837 1330 ὑμέων
870 1283 1020 1321 αὐτῶν.
1073 1286 1130 1321 Ad
1160 1286 1250 1321 haec
1283 1288 1452 1330 spectans
1483 1285 1661 1322 Libanius

310 1344 401 1380 dicit
434 1345 471 1380 in
502 1345 573 1381 vol.
601 1345 653 1382 IV
679 1345 762 1389 809,
784 1345 830 1380 23
845 1355 914 1388 sq.:
949 1343 1006 1384 τίς
1037 1343 1101 1392 γὰρ
1134 1341 1229 1380 οὕτω
1261 1344 1513 1393 φιλοκίνδυνος
1541 1366 1584 1370 —-
1613 1342 1662 1385 ὠς

311 1425 356 1430 —
384 1404 444 1439 καὶ
469 1402 541 1440 τόν
566 1404 667 1452 περὶ
696 1404 834 1451 ψυχῆς
859 1403 1030 1451 τρέχειν
1064 1405 1160 1449 (quis
1185 1408 1235 1440 est
1259 1408 1330 1440 tam
1356 1405 1569 1447 temerarius,
1602 1405 1663 1449 qui

310 1484 356 1488 —
383 1484 429 1487 —
460 1483 504 1488 ——
539 1467 569 1499 et
594 1464 635 1499 de
668 1464 739 1499 vita
770 1475 837 1499 sua
869 1467 988 1498 currat
1023 1463 1056 1498 h.
1077 1474 1105 1498 e.
1138 1464 1245 1499 vitam
1276 1475 1378 1499 snam
1409 1464 1447 1498 in
1477 1464 1662 1499 discrimen

310 1523 513 1567 committat)
541 1522 632 1558 etin
651 1522 721 1558 vol.
742 1522 793 1559 IV
812 1522 895 1567 542,
908 1522 955 1557 36
970 1532 1039 1566 sq.:
1068 1520 1104 1557 οἱ
1130 1520 1170 1557 δὲ
1195 1519 1268 1557 τόν
1293 1523 1395 1570 περὶ
1421 1522 1495 1569 τῆς
1524 1522 1663 1569 ψυχῆς

310 1580 437 1617 ἔθεον
463 1580 638 1629 δρόμον,
666 1591 735 1624 quo
754 1581 833 1616 loco
853 1581 985 1616 collato
1014 1582 1109 1626 apud
1128 1582 1214 1616 Her.
1234 1581 1327 1618 VIII
1346 1582 1391 1616 74
1419 1591 1545 1617 censeo
1572 1581 1663 1617 scri-

308 1641 462 1677 bendum
502 1650 596 1685 esse,
635 1640 729 1684 quod
768 1640 881 1676 codex
915 1640 1074 1676 Venetus
1111 1639 1258 1686 (littera
1289 1639 1308 1677 b
1343 1639 1529 1686 signatus)
1566 1639 1664 1676 solus

310 1702 476 1744 praebet:
504 1698 566 1735 ἅτε
594 1699 694 1746 περὶ
721 1701 797 1733 τοῦ
823 1697 985 1739 παντ(“ς
1012 1697 1078 1746 ἤδη
1106 1698 1267 1746 δρόμον
1292 1698 1489 1739 θέοντες,
1518 1698 1663 1734 etiamsi

310 1757 423 1793 ceteri
461 1757 603 1793 codices
637 1758 725 1792 dant
761 1755 938 1804 δρόμου.
982 1756 1038 1792 Cf.
1069 1756 1179 1792 etiam
1208 1757 1427 1802 Aristoph.
1455 1767 1554 1802 vesp.
1574 1757 1661 1793 376:

309 1815 371 1851 τὸν
397 1816 485 1862 περὶ
514 1817 635 1862 ψυχῆς
661 1814 796 1862 δρόμον
823 1816 984 1862 δραμεῖν.

409 1872 587 1921 *ψυχὴν
621 1876 941 1920 παραιτεῖσθαι
977 1874 1138 1918 (mortem
1164 1874 1373 1918 deprecari).
1426 1873 1531 1909 Hanc
1564 1873 1663 1909 locu-

311 1934 447 1970 tionem
484 1932 680 1968 Libanium
727 1943 771 1968 ex
809 1933 994 1968 Herodoto
1042 1932 1307 1977 deprompsisse
1353 1932 1425 1969 iam
1465 1943 1484 1968 e
1527 1943 1665 1968 summa

309 1993 471 2027 locorum
502 1990 743 2026 similitudine
770 1994 940 2034 apparet;
976 2000 1059 2025 nam
1085 1990 1144 2033 iis,
1180 2000 1271 2033 quae
1298 1990 1503 2026 Herodotus
1534 1990 1664 2026 scribit

310 2051 328 2087 I
348 2050 412 2086 24:
441 2046 640 2098 χρήματα
665 2047 741 2094 μέν
758 2061 825 2096 σφι
850 2047 1073 2097 προϊέντα,
1104 2047 1243 2097 ψυχὴν
1261 2047 1300 2086 δὲ
1318 2047 1664 2098 παραιτεόμενον

311 2110 471 2153 (divitias
497 2110 544 2143 iis
571 2109 748 2149 cedentem,
784 2108 845 2142 sed
869 2112 1010 2142 mortem
1041 2109 1307 2152 deprecantem),
1340 2119 1488 2151 prorsus
1514 2118 1663 2151 respon-

310 2167 396 2203 dent
422 2165 573 2202 Libanii
599 2166 713 2202 verba
739 2165 778 2200 in
804 2175 854 2200 or.
884 2165 989 2202 XXV
1017 2165 1081 2201 40:
1117 2163 1349 2214 χρημάτων
1374 2164 1450 2212 μὲν
1475 2163 1663 2215 ἀφίστα-

312 2232 438 2268 σθαι,
486 2223 627 2273 ψυχήν
670 2224 716 2261 δὲ
756 2227 1076 2272 παραιτεῖσθαι
1122 2224 1186 2261 σὺν
1224 2224 1332 2270 γόοις.
1404 2226 1485 2261 Huc
1523 2225 1665 2261 aceedit

310 2285 405 2328 quod
439 2284 503 2319 illo
536 2284 615 2319 loco
642 2282 821 2318 Herodoti
856 2282 979 2326 agitur
1010 2283 1052 2318 de
1078 2283 1225 2328 Arione,
1262 2284 1305 2318 de
1331 2293 1400 2327 quo
1435 2284 1558 2318 rhetor
1588 2282 1663 2318 die-

310 2355 416 2390 gema
442 2342 655 2389 composuit,
683 2346 723 2379 ut
749 2353 860 2388 supra
886 2341 1042 2380 vidimus
1055 2342 1090 2390 1).

409 2403 505 2443 *εἰς
541 2402 708 2451 δάκρυα
744 2403 938 2438 πίπτειν.
989 2403 1223 2447 Herodotum,
1262 2403 1323 2446 qui
1360 2402 1412 2439 VI
1436 2403 1479 2437 21
1521 2404 1661 2437 narrat:

413 2532 433 2568 ¹)
456 2531 532 2560 Vide
552 2540 621 2568 pag.
645 2532 661 2560 7
675 2539 717 2567 sq.
