1848 2929
947 211 995 246 54

297 327 316 364 ὁ
331 328 487 376 Κῦρος]
506 327 653 376 κινήσας
668 326 814 375 Πέρσας
829 327 980 376 Μήδοις
997 326 1165 365 ἐπελθὼν
1181 325 1243 364 τὸν
1255 326 1410 364 πάππον
1428 326 1650 376 διέφθειρε),

297 387 335 422 in
361 388 456 422 hune
473 387 592 423 locum
619 398 697 422 eum
725 390 803 422 tota
829 387 1011 423 sententia
1037 398 1081 422 ex
1099 387 1284 422 Herodoto
1311 387 1470 431 transiit,
1497 387 1536 422 id
1557 387 1651 430 quod

297 446 371 482 iam
410 456 522 491 supra
561 445 888 482 demonstravimus
900 445 944 491 ¹)·‚
988 446 1078 482 dicit
1116 446 1210 482 enim
1245 445 1548 482 Halicarnasseus
1586 445 1651 482 illo

296 505 377 541 loco
405 505 437 552 (I
467 505 569 552 123);
598 503 724 553 Κύρῳ
753 505 797 542 δὲ
823 503 1099 553 ἀνδρευμένῳ
1125 506 1186 542 καὶ
1214 504 1307 541 ἐόντι
1333 506 1405 541 τῶν
1432 503 1565 553 ἡλίκων
1591 502 1652 541 α’ν-

299 563 503 613 δρηιοτάτῳ
531 565 590 600 καὶ
609 562 915 612 προσφιλεστάτῳ
943 562 1158 613 προσέκειτο
1184 562 1407 613 ὀ“Λρπαγος
1433 565 1534 612 δῶρα
1559 562 1652 609 πέμ-

300 638 380 659 πων
418 624 599 660 τίσασθαι
639 621 833 668 Ἀστυάγεα
874 622 1104 668 ἐπιθυμέων.
1165 624 1361 659 Praeterea
1401 624 1469 658 hoc
1505 625 1652 659 verbum

300 682 506 717 Herodotus
534 685 592 717 ter
618 682 742 717 eadem
771 682 889 718 forma
910 681 1100 726 participii
1126 682 1256 718 aoristi
1282 682 1434 727 passivi,
1461 692 1532 726 qua
1558 682 1654 726 apud

297 740 493 775 Libanium
528 743 664 784 exstat,
713 740 862 776 adhibet
895 740 948 777 IV
966 741 1003 775 9:
1039 738 1362 788 ἀνδρωθέντας,
1396 741 1546 777 V92s:
1581 738 1653 776 α’ν-

298 797 531 846 δρωθέντι,
571 798 623 835 VI
641 798 704 834 52:
737 796 1062 847 ἀνδρωθέντας;
1106 799 1170 834 sed
1205 799 1314 835 etiam
1349 798 1533 836 invenitur
1566 799 1652 835 Her.

297 858 349 895 IV
366 857 426 893 10:
454 855 734 906 ἀνδρωθῆναι
764 861 800 894 et
813 858 885 895 VII
906 859 990 894 149:
1019 856 1317 905 ἀνδρωθέωσι.
1348 858 1500 894 Praeter
1517 861 1654 894 utrum—

298 927 365 960 que
384 916 599 960 scriptorem
625 917 693 952 hoc
712 918 860 952 verbum
888 917 960 952 nisi
987 918 1083 961 apud
1109 917 1362 961 Euripidem
1388 917 1495 952 Herc.
1518 917 1586 952 fur.
1606 917 1653 952 42

299 972 555 1023 (ἠνδρωμένοι)
595 978 631 1011 et
670 976 765 1020 apud
799 976 1023 1012 Platonem
1058 986 1172 1022 symp.
1200 987 1233 1021 p.
1253 976 1322 1012 192
1341 976 1374 1012 A
1404 973 1654 1024 (ἀνδρωθιῦσι)

298 1045 369 1070 non
397 1037 529 1070 exstat.

397 1090 747 1137 ἀπαμελεῖσθαι,
799 1093 893 1136 quod
936 1094 983 1128 ab
1025 1096 1177 1137 utroque
1226 1093 1361 1129 dicitur
1403 1093 1447 1129 de
1489 1093 1655 1138 personis

301 1152 351 1198 (=
378 1152 482 1187 nihili
509 1151 714 1198 aestimari),
754 1151 890 1197 legitur
927 1153 1023 1196 apud
1056 1152 1280 1188 Herodotum
1314 1152 1373 1188 III
1401 1153 1486 1188 129:
1526 1150 1588 1189 τόν
1614 1151 1655 1189 δὲ

300 1209 349 1252 ὠς
387 1209 533 1258 ἐξεῦρον
573 1209 610 1246 ἐν
653 1213 749 1247 τοῖσι
787 1209 954 1259 Ὀροίτεω
993 1209 1261 1259 ἀνδραπόδοισι
1303 1209 1654 1259 ἀπημελημένον,

299 1270 463 1317 παρῆγον
502 1268 540 1311 ἐς
572 1268 683 1315 μέσον
717 1269 832 1311 πέδας
864 1283 904 1305 τε
938 1268 1091 1307 ἕλκοντα,
1117 1271 1178 1306 καὶ
1213 1269 1338 1318 ῥάκεσι
1373 1268 1575 1318 ἐσθημένον
1619 1274 1655 1306 et

300 1329 358 1364 ΙΙΙ
386 1329 475 1364 132;
512 1327 549 1364 ἐν
574 1331 670 1367 τοῖσι
697 1327 964 1376 ἀνδραπόδοισι
991 1326 1326 1376 ἀπημελημένον
1360 1332 1396 1365 et
1421 1329 1518 1373 apud
1542 1328 1654 1364 Liba-

301 1387 401 1423 nium
428 1387 466 1422 in
485 1398 535 1423 or.
556 1388 573 1423 I
594 1388 682 1423 123:
710 1385 939 1432 ἀπεχομένου
965 1386 1004 1424 δέ
1026 1401 1098 1433 μου
1125 1409 1170 1413 -
1186 1409 1232 1413 -
1258 1387 1319 1424 καὶ
1344 1386 1656 1436 ἀπημελῆσθαι

302 1448 495 1487 δοκοῦντος
529 1450 566 1482 et
598 1447 638 1482 in
664 1458 718 1491 ep.
741 1447 853 1482 1417:
895 1445 929 1482 εἰ
954 1446 994 1484 δὲ
1019 1447 1079 1482 καὶ
1105 1448 1177 1482 τῶν
1202 1447 1284 1483 λίαν
1311 1442 1351 1494 ἦν
1380 1445 1656 1494 ἀπημελημέ-

302 1519 382 1541 νων
409 1509 445 1541 et
470 1505 509 1540 in
536 1516 590 1550 ep.
613 1505 725 1541 1450:
753 1506 881 1550 θῶμεν
907 1503 1017 1542 αὐτὸν
1042 1503 1214 1542 ταπεινόν
1239 1506 1301 1542 καὶ
1326 1504 1389 1542 τὸν
1413 1503 1520 1542 ἄλλον
1545 1504 1656 1554 ἀπη-

300 1565 522 1612 μελῆσθαι
547 1563 677 1612 χρόνον
711 1568 747 1600 et
777 1565 815 1600 in
847 1576 901 1609 ep.
923 1565 1036 1600 1329:
1072 1563 1091 1600 ὁ
1118 1563 1158 1602 δὲ
1188 1564 1306 1612 λύπην
1331 1563 1413 1601 τινά
1437 1563 1657 1612 ἀπήγγελλεν

302 1622 441 1659 ἐκείνου
476 1622 688 1668 νομίζοντος
724 1621 782 1659 ἀπ
791 1623 923 1670 ημελῆ
931 1629 1057 1667 actam
1115 1623 1278 1659 videmus
1315 1623 1430 1668 igitur
1467 1627 1656 1667 utrumque

303 1682 371 1718 hoc
396 1683 547 1718 verbum
575 1682 699 1718 eadem
727 1682 846 1718 forma
872 1686 909 1718 et
934 1682 1081 1718 notione
1108 1682 1291 1718 adhibere.
1334 1682 1532 1718 Praeterea
1557 1683 1656 1718 locu-

301 1741 436 1776 tionem
463 1739 588 1788 ῥάκεσι
616 1740 819 1787 ἐσθημένος
853 1744 889 1776 et
919 1741 1037 1785 ipsam
1069 1742 1194 1776 rhetor
1225 1752 1269 1776 ex
1300 1741 1363 1776 illo
1396 1741 1515 1785 eapite
1541 1741 1656 1776 Hero—

302 1798 378 1834 doti
412 1798 471 1834 III
499 1799 568 1834 129
601 1799 773 1843 sumpsit,
817 1798 855 1833 id
889 1799 985 1842 quod
1026 1798 1127 1834 infra
1166 1798 1502 1835 demonstrabimus.
1554 1798 1657 1845 Quod

303 1858 370 1894 hoe
388 1859 538 1895 verbum
565 1858 676 1894 etiam
703 1858 799 1903 apud
825 1858 1075 1903 Sophoclem
1103 1857 1239 1904 legitur
1265 1857 1360 1894 Phil.
1377 1858 1459 1904 652,
1487 1859 1554 1895 hoc
1578 1858 1657 1895 loco

305 1929 375 1953 non
403 1919 446 1953 de
472 1929 628 1962 persona
655 1918 808 1953 dicitur:
842 1917 876 1953 εἰ
900 1918 966 1962 μοι’
991 1931 1027 1953 τι
1053 1916 1169 1960 τόξων
1195 1915 1300 1953 τῶνδ’
1326 1915 1657 1965 ἀπημελημένον

305 1975 566 2025 παρερρύηκεν,
594 1975 643 2017 ὡς
669 1975 766 2012 λίπω
792 1975 842 2024 μή
868 1990 918 2022 τῳ
946 1978 1083 2022 λαβεῖν.

405 2036 794 2081 *δεινολογεῖσθαι
831 2035 1006 2082 (conqueri
1038 2036 1079 2070 de
1112 2035 1231 2079 aliqua
1257 2038 1308 2080 re)
1343 2035 1527 2071 invenitur
1562 2037 1658 2080 apud

307 2094 393 2128 Her.
413 2094 431 2128 I
450 2094 515 2128 44:
544 2092 563 2128 ὁ
590 2092 630 2129 δὲ
649 2096 810 2141 Κροῖσος
835 2094 886 2138 τῷ
903 2091 1052 2138 θανάτῳ
1078 2093 1144 2127 τοῦ
1169 2091 1302 2133 παιδός
1329 2092 1657 2141 συντεταραγμένος

306 2149 469 2197 μᾶλλόν
494 2165 535 2187 τι
562 2150 899 2197 ἐδεινολογέετο,
926 2149 983 2186 ὅτι
1009 2164 1073 2194 μιν
1098 2149 1286 2187 ἀπέκτεινε
1311 2149 1374 2187 τὸν
1405 2150 1517 2193 αὐτὸς
1542 2151 1658 2200 φόνου

306 2208 476 2257 ἐκάθηρε,
503 2220 572 2253 quo
592 2221 636 2245 ex
653 2210 732 2245 loeo
751 2209 930 2245 Libanius
948 2209 1015 2244 hoe
1034 2211 1180 2245 verbum
1204 2210 1357 2254 sumpsit
1373 2210 1413 2245 in
1431 2220 1481 2246 or.
1496 2210 1603 2247 XXV
1620 2211 1655 2245 1:

305 2269 365 2305 καὶ
402 2266 489 2304 ὅταν
526 2267 566 2305 δὲ
601 2266 919 2316 προπηλακίζηταί
950 2281 1016 2310 τις,
1050 2266 1213 2313 μᾶλλόν
1245 2282 1286 2304 τι
1320 2268 1656 2314 δεινολογεῖται;

305 2339 388 2364 nam
426 2338 540 2371 aeque
576 2330 684 2370 atque
720 2327 926 2362 Herodotus
961 2327 1085 2363 rhetor
1121 2328 1332 2364 adverbium
1369 2325 1506 2372 μᾶλλόν
1538 2342 1575 2363 τι
1611 2328 1657 2363 ad

307 2389 455 2423 verbum
499 2386 660 2431 apponit.
730 2386 809 2421 Hoc
842 2387 990 2422 verbum
1032 2390 1072 2422 ut
1109 2386 1352 2422 Herodoteum
1386 2386 1459 2422 iam
1501 2386 1656 2422 Pollux

407 2514 427 2550 ¹)
450 2513 526 2542 Vide
546 2522 615 2549 pag.
639 2513 685 2541 32.
