1848 2929
834 219 878 255 15

178 337 323 378 pontem
352 335 489 380 fecerit,
517 336 752 380 describitur;
789 348 870 372 nam
894 340 1082 381 postquam
1108 340 1251 380 pontem
1278 337 1519 380 perfecerunt,

178 392 312 431 Persae
346 393 409 441 γῆν
439 392 679 442 ἐπεφόρησαν,
716 394 972 439 κατανάξαντες
1004 395 1043 431 δὲ
1077 395 1137 431 καὶ
1169 393 1231 442 την
1261 396 1324 442 γῆν
1355 392 1522 442 φραγμὸν

179 451 404 499 παρείρυσαν
428 450 533 488 ἔνθεν
559 453 618 488 καὶ
644 451 761 489 ἔνθεν.
806 454 895 489 Tum
922 464 1013 498 quae
1037 453 1190 489 Neocles
1216 453 1323 488 dicit:
1359 451 1522 501 τριήρεις

181 508 221 545 δὲ
261 509 442 552 πλεούσας
480 510 529 548 δι’
568 510 663 559 ὀρῶν
700 511 837 558 μέσων,
876 516 1043 557 spectant
1078 513 1124 548 ad
1158 512 1336 548 Athonem
1366 515 1521 547 montem

178 579 201 604 a
226 569 350 605 Xerxe
376 570 587 606 intercisum
614 570 713 617 (Her.
733 572 806 608 VII
824 571 994 618 22-24),
1022 574 1061 606 ut
1087 582 1197 607 naves
1223 571 1416 612 Persarum
1442 573 1520 606 tuto

178 627 394 663 veherentur
418 639 508 665 neve
538 631 578 664 ut
604 632 712 665 antea
742 629 780 665 in
805 630 927 674 priore
953 629 1182 674 expeditione
1208 632 1335 665 contra
1361 629 1521 665 Graecos

180 686 280 722 facta
315 687 361 722 ad
394 687 494 724 illius
527 688 659 724 montis
692 689 976 733 promunturium
1010 688 1279 733 affligerentur,
1315 698 1386 732 qua
1421 687 1521 723 fossa

179 745 372 780 Persarum
391 756 501 782 naves
519 757 603 782 usas
622 757 700 782 esse
717 747 870 792 legimus
889 748 985 792 apud
1001 748 1088 783 Her.
1107 747 1179 783 VII
1193 747 1278 782 122:
1305 745 1343 782 Ὁ
1367 745 1434 790 μέν
1460 759 1522 780 νυν

177 801 343 843 ναυτικὸς
377 803 546 852 στρατός,
580 803 628 845 οἷς
661 803 803 853 ἀπείθη
833 804 907 842 ὑπὸ
934 805 1076 853 Ξέρξεω
1110 805 1168 841 καὶ
1202 803 1426 849 διεξέπλωσε
1456 801 1521 852 τὴν

179 860 341 909 διώρυχα
373 860 438 909 τὴν
463 860 500 898 ἐν
530 864 581 908 τῷ
598 861 703 909 ’Ἁθῳ
735 863 933 911 γενομένην.
986 865 1098 900 Porro
1131 874 1222 908 quae
1253 863 1344 899 dicit
1368 863 1521 899 Neocles

178 918 241 954 τὸν
266 917 312 954 τά
341 921 413 956 τῶν
437 922 555 968 νεφιῦν
581 919 674 969 πρὸς
707 919 770 956 τὸν
801 920 902 969 ἥλιον
934 921 1167 970 ἐργαζόμενον
1197 924 1275 963 τοῖς
1304 920 1442 968 βέλεσι,
1478 932 1521 957 ea

180 978 358 1023 explicari
394 990 466 1016 non
491 983 642 1025 possunt
675 980 748 1016 nisi
782 991 826 1016 ex
852 981 914 1026 iis,
952 991 1043 1025 quae
1068 981 1271 1017 Herodotus
1297 983 1424 1016 narrat
1448 980 1521 1017 VH

180 1038 268 1082 226;
304 1048 387 1073 nam
419 1039 486 1074 hoc
511 1039 590 1074 1000
621 1039 930 1075 Lacedaemonius
956 1039 1116 1083 quidam,
1149 1050 1227 1075 cum
1258 1039 1403 1083 quidam
1436 1040 1520 1074 bar-

177 1097 302 1142 baros,
351 1096 383 1134 si
426 1097 582 1143 sagittas
625 1109 712 1134 arcu
751 1098 971 1143 emitterent,
1020 1098 1248 1135 multitudine
1286 1108 1409 1134 earum
1451 1098 1521 1134 soli

178 1155 251 1198 ipsi
281 1157 450 1191 tenebras
484 1157 701 1192 obducturos
738 1167 815 1192 esse
851 1157 1109 1200 nuntiavisset,
1150 1157 1329 1192 exclamat
1362 1157 1521 1192 Graecos

178 1223 258 1248 cum
296 1213 418 1250 Persis
457 1217 680 1260 pugnaturos
720 1225 798 1251 esse
837 1215 903 1251 sub
941 1215 1078 1250 umbra.
1140 1214 1190 1250 Et
1227 1224 1306 1250 cum
1344 1213 1521 1250 Libanius

179 1272 287 1316 paulo
329 1276 411 1317 post
452 1273 621 1309 Neoclem
664 1277 870 1318 pergentem
912 1273 1021 1309 facit:
1074 1271 1118 1309 σι)
1156 1274 1284 1309 τοῦτον
1325 1271 1522 1320 ἀνέστησας

179 1329 244 1375 μὲν
279 1329 317 1366 ἐκ
349 1331 414 1366 τοῦ
446 1329 586 1379 θρόνου
618 1332 827 1377 ναυμαχῶν,
871 1331 1058 1377 significat
1091 1342 1149 1375 ea,
1194 1341 1286 1375 quae
1318 1331 1524 1367 Herodotus

179 1389 294 1425 tradit
318 1390 409 1426 VIII
436 1390 500 1427 90:
545 1389 684 1439 Ξέρξης
710 1412 757 1417 —
783 1389 987 1439 καθήμενος
1020 1389 1093 1427 ὑπὸ
1127 1391 1178 1437 τῷ
1212 1388 1292 1438 ὄρεϊ
1322 1392 1374 1437 τῷ
1399 1388 1524 1427 ἀντίον

179 1449 392 1494 Σαλαμῖνος,
418 1448 459 1484 τὸ
484 1449 644 1485 καλεῖται
659 1448 866 1496 Λίγάλεως;
899 1453 1089 1495 praeterea
1107 1450 1185 1486 sine
1203 1449 1312 1485 dubio
1338 1449 1524 1494 significat

179 1507 218 1543 id
243 1508 337 1552 quod
363 1509 459 1554 apud
483 1509 569 1544 Her.
589 1509 661 1546 VII
687 1510 758 1544 212
790 1510 833 1545 de
858 1510 981 1545 Xerxe
1006 1512 1194 1545 narratur:
1231 1519 1310 1544 cum
1340 1509 1387 1544 ad
1413 1508 1525 1544 Ther-

179 1567 344 1614 mopylas
376 1568 573 1613 permultos
598 1568 729 1605 Persas
763 1580 785 1605 a
818 1568 945 1614 paucis
969 1568 1121 1606 Graecis
1154 1568 1332 1605 trucidari
1357 1567 1522 1612 vidisset,

178 1625 316 1671 λέγεται
348 1624 498 1672 βασιλέα
523 1626 725 1673 θηεύμενον
754 1628 835 1674 τρὶς
865 1625 1083 1674 ἀναδραμεῖν
1117 1625 1155 1661 ἐκ
1185 1627 1252 1661 τοῦ
1276 1624 1417 1674 θρόνου
1449 1625 1522 1662 δεί-

180 1696 289 1720 σαντα
315 1684 400 1732 περὶ
425 1685 470 1732 τῇ
495 1686 654 1732 στρατιῇ.
697 1685 767 1721 Sed
793 1685 987 1720 Libanium
1020 1685 1085 1720 illo
1116 1685 1196 1720 loco
1226 1684 1436 1720 memoriam
1463 1684 1523 1719 de-

180 1742 343 1779 stituisse
369 1746 531 1788 apparet,
559 1743 727 1787 quoniam
752 1744 828 1780 illis
845 1743 968 1780 verbis
995 1744 1038 1779 de
1064 1743 1196 1788 pugnis
1221 1742 1412 1780 navalibus
1430 1743 1524 1778 The—

178 1801 342 1837 mistocle
369 1802 457 1837 duce
483 1802 528 1837 ad
555 1801 789 1837 Artemisium
815 1802 1017 1838 commissis
1044 1802 1169 1847 utitur,
1203 1813 1275 1837 non
1309 1802 1353 1837 de
1383 1801 1522 1846 proelio

179 1860 226 1894 ad
251 1860 511 1905 Thermopylas
540 1860 647 1895 facto.
700 1861 864 1904 Denique
891 1871 983 1904 quae
1008 1861 1151 1904 profert
1168 1860 1339 1896 Neocles:
1372 1858 1523 1907 ἠνάγκα-

180 1929 247 1958 σας
273 1916 313 1954 δὲ
344 1917 435 1965 (scil.
463 1917 614 1966 Ξέρξην)
640 1918 796 1955 πλεῦσαι
821 1916 882 1955 τόν
911 1920 977 1954 τοῦ
1002 1917 1196 1967 τρέμοντος
1222 1919 1347 1961 πλοῦν,
1380 1922 1416 1954 et
1441 1918 1523 1963 ipsa

180 1977 362 2012 Herodoto
406 1977 594 2022 debentur,
646 1978 741 2022 apud
783 1988 887 2021 quem
920 1978 1012 2015 VIII
1045 1978 1114 2013 117
1152 1981 1188 2014 et
1228 1978 1298 2013 118
1347 1977 1522 2022 scriptum

178 2035 341 2072 videmus
383 2036 659 2072 Themistoclem
709 2037 756 2072 ad
796 2037 956 2073 Xerxem
999 2036 1156 2082 misisse,
1210 2036 1272 2081 qui
1313 2036 1524 2072 nuntiarent

180 2095 339 2131 Graecos
369 2098 496 2140 pontes
527 2095 565 2131 in
590 2095 827 2140 Hellesponto
862 2096 980 2132 factos
1010 2095 1216 2131 rescindere
1247 2095 1286 2131 in
1311 2095 1431 2131 animo
1458 2095 1522 2130 ha-

177 2155 273 2199 bere,
301 2164 369 2197 quo
388 2154 512 2190 nuntio
539 2154 651 2190 allato
668 2154 810 2190 Xerxes
836 2165 942 2198 quam
968 2154 1155 2190 celerrime
1173 2155 1314 2190 domum
1339 2153 1520 2190 rediisset.

275 2213 325 2248 Ut
363 2223 381 2248 e
412 2212 574 2257 Neoclis,
613 2212 667 2248 ita
693 2223 711 2247 e
738 2212 990 2248 Themistoclis
1024 2210 1269 2257 ἀντιλέγοντος
1301 2211 1424 2248 verbis
1457 2222 1522 2256 po-

176 2274 249 2307 test
278 2270 448 2317 cognosci
474 2270 668 2308 Libanium
698 2282 769 2308 non
794 2272 897 2308 modo
924 2271 1146 2308 Herodotum
1178 2271 1241 2307 sed
1272 2270 1383 2308 etiam
1408 2270 1523 2308 alium

179 2330 314 2366 fontem
350 2334 509 2366 secutum
548 2341 635 2366 esse.
697 2331 790 2366 Nam
826 2330 1102 2366 Themistoclem
1139 2329 1280 2366 inducit
1304 2330 1522 2374 ,loquentem

179 2388 268 2424 decl.
296 2388 332 2424 X
359 2389 379 2435 ξ
407 2389 471 2425 27;
508 2387 722 2438 διήλλαττον
746 2386 832 2429 τοὺς
849 2385 1022 2436 Ἕλληνας
1048 2385 1142 2437 πρὸς
1168 2385 1313 2431 αὐτούς,
1344 2386 1409 2437 τὴν
1435 2387 1523 2436 γνώ-

178 2460 250 2494 μην
275 2446 441 2496 εὕρισκον
467 2451 532 2485 τοῦ
556 2448 719 2491 Πυθίου,
745 2447 915 2492 ἀντέσχον
942 2446 1035 2496 πρὸς
1060 2445 1124 2495 τήν
1149 2446 1274 2496 φήμην
1300 2447 1439 2496 ἐκείνην
1464 2449 1524 2485 καὶ

177 2503 240 2540 τὸν
276 2505 379 2551 λόγον
416 2509 481 2554 τῆς
518 2507 696 2553 βασιλέως
734 2507 940 2555 στρατείας·
983 2505 1121 2554 Ξέρξης
1159 2505 1300 2542 ἐλαύνει
1337 2505 1423 2548 τούς
1461 2506 1524 2555 την

178 2560 300 2600 Ἀσίαν
339 2563 525 2607 οἰκοῦντας
563 2566 696 2616 μικροῦ
732 2564 868 2607 πάντας
904 2563 965 2602 ἐπὶ
1000 2562 1064 2613 τήν
1098 2562 1279 2614 Εὐρώπην
1316 2563 1424 2613 ἄγων,
1462 2578 1525 2603 κα-
