1848 2929
889 204 933 239 12

235 323 355 364 τεῖχος
384 318 403 367 ‘rJ
429 318 493 361 τοὶς
519 321 627 362 ναῦς,·
666 320 840 356 adhibent
866 321 960 356 enim
987 321 1203 356 Plutarchus
1235 323 1271 356 et
1296 320 1476 357 Libanius
1502 332 1588 357 ean-

236 380 316 415 dem
335 379 552 415 locutionem
567 377 715 425 (λέγων
730 402 755 406 -
775 380 1036 427 δηλοῦσθαι,
1057 380 1304 426 δηλοῦσθαι
1323 377 1587 426 nymnos-21).

235 438 361 481 Neque
404 440 517 474 verba
555 437 706 473 Libanii
748 438 809 473 καὶ
845 440 1112 487 παραινοῦντος
1155 437 1335 474 ἐκλείπειν
1375 435 1440 485 τὴν
1481 436 1589 474 πόλιν

235 496 421 532 Herodoto
449 497 634 541 debentur,
662 497 833 540 quoniam
860 498 956 542 apud
981 498 1076 533 hunc
1101 507 1173 533 non
1196 496 1458 533 Themistocles
1476 496 1589 533 Athe-

234 555 422 591 niensibus
448 555 587 600 suadet,
620 558 660 590 ut
685 557 810 591 urbem
836 556 1055 600 relinquant,
1087 556 1151 592 sed
1176 556 1249 600 ipsi
1275 553 1436 604 κήρυγμα
1463 553 1588 603 ἐποιη-

235 625 354 655 σαντο,
381 612 584 660 Ἀθηναίων
614 614 659 661 τῇ
684 626 741 653 τις
767 613 918 650 δύναται
946 612 1075 658 σώζειν
1100 613 1204 650 τέκνα
1234 628 1273 650 τε
1298 613 1359 649 καὶ
1385 613 1471 653 τοὺς
1497 612 1588 649 οἰκέ-

233 685 299 714 τας
325 672 431 720 (VIII
457 671 530 720 41).
583 672 654 709 Sed
680 673 871 718 sequentia
905 668 992 722 ἦσαν
1018 675 1053 710 οἱ
1078 671 1129 722 μη
1155 671 1371 720 βουλόμενοι
1395 674 1503 710 τοῦτο
1529 672 1589 709 καὶ

232 731 512 777 καταμείναντες
538 752 585 757 —-
604 753 651 757 —
677 731 922 779 βουληθέντες
949 733 997 768 ad
1022 733 1246 769 Herodotum
1272 732 1466 768 referenda
1491 734 1586 776 sunt,

234 791 296 834 qui
323 794 451 826 narrat
477 790 681 835 nonnullos,
709 791 772 834 qui
789 791 944 827 Athenis
970 791 1230 827 remansissent
1255 789 1500 839 (φραξάμενοι
1524 788 1589 838 τῆν

232 847 434 897 οἷκρόπολιν
465 847 605 897 θύρῃσί
638 863 678 885 τε
704 850 763 885 καὶ
795 848 958 893 ξύλοισιν
994 871 1039 875 -
1075 849 1260 890 δοκέοντες
1290 847 1516 897 ἐξευρηκέναι
1546 846 1588 884 τὸ

231 906 418 954 μαντήιον,
450 905 492 942 τὸ
520 905 541 954 ἦ
567 906 699 954 Πυθίη
726 919 816 955 σφιν
841 906 980 955 ἔχρησε,
1013 906 1055 942 τὸ
1081 906 1226 952 ξύλινον
1251 909 1371 951 τεῖχος
1401 905 1588 943 ἀνάλωτον

232 963 386 1001 ἔσεσθαι
412 966 504 1002 VIII
530 965 603 1011 51),
632 976 716 1001 arce
743 977 765 1001 a
791 966 915 1002 Persis
943 969 1152 1010 expugnata
1177 966 1312 1010 partim
1339 966 1383 1001 de
1408 965 1521 1001 muris
1547 975 1586 1001 se

232 1024 548 1068 praecipitavisse,
568 1024 703 1068 partim
729 1024 768 1059 in
786 1024 931 1069 templo,
951 1035 1019 1068 quo
1039 1023 1301 1069 confugissent,
1328 1027 1476 1060 necatos
1494 1033 1584 1059 esse.

231 1082 275 1117 In
301 1082 321 1127 ξ
351 1083 395 1117 18
421 1083 546 1118 rhetor
567 1082 739 1118 Neoclem
766 1093 811 1118 ex
834 1082 1077 1118 Themistocle
1103 1085 1334 1126 quaerentem
1361 1081 1454 1117 facit
1478 1081 1584 1117 haec:

231 1139 295 1189 την
328 1140 486 1188 μεγάλην
516 1139 652 1188 ταύτην
685 1141 745 1177 καὶ
778 1139 996 1189 θαυμαστὴν
1027 1140 1231 1186 ναυμαχίαν
1261 1141 1341 1181 πῶς
1374 1138 1585 1189 συνήγαγεςς

231 1195 289 1247 ἆρ’
320 1198 472 1236 ἑκόντων
506 1197 682 1248 Ἑλλήνων
718 1200 779 1236 καὶ
815 1199 1044 1246 βουλομένων
1080 1199 1377 1246 συμπλέκεσθαις
1419 1199 1479 1236 καὶ
1514 1197 1585 1247 μην

232 1256 399 1295 ἐδέδοκτο
425 1257 570 1305 φεύγειν
594 1259 656 1294 καὶ
682 1259 800 1306 ζητεῖν
827 1257 981 1306 αἰσχράν
1008 1259 1199 1306 σωτηρίαν.
1243 1257 1320 1294 ἀλλ’
1345 1256 1445 1303 ὅμως
1470 1259 1584 1293 ταῦτα

232 1315 431 1362 ἐγνωκότας
457 1314 601 1362 ἔδειξας
627 1316 803 1365 ἐξαίφνης
829 1316 867 1352 ἐν
889 1317 988 1364 μέσῳ
1014 1318 1085 1353 τῶν
1111 1316 1304 1365 βαρβάρων
1329 1315 1414 1353 ὥστ’
1432 1314 1585 1364 ἀνάγκην

232 1371 325 1411 εἶναι
362 1378 568 1420 ναυμαχεῖν.
620 1375 678 1411 καὶ
717 1371 773 1416 οἷς
810 1374 925 1423 ε”δρων
960 1374 1044 1419 οὐχὶ
1084 1375 1328 1423 βουληθέντες
1363 1374 1488 1410 ἐνίκων
1522 1375 1584 1411 καὶ

231 1428 281 1469 ὧν
308 1432 438 1480 ἔλαβον
471 1433 525 1476 ἄν,
558 1433 592 1469 εἰ
616 1433 862 1482 προῄσθοντο,
895 1432 997 1482 παρὰ
1023 1435 1090 1470 σοῦ’
1115 1433 1229 1482 δίκην,
1264 1432 1346 1470 ἀντὶ
1377 1432 1515 1469 τούτων
1541 1434 1580 1470 σὲ

233 1494 379 1540 σωτῆρα
412 1494 477 1540 τῆς
509 1491 677 1532 Ἑλλάδος
713 1494 905 1535 καλοῦσιν,·
958 1494 1046 1528 haec
1088 1496 1124 1528 et
1158 1493 1239 1537 ipsa
1278 1493 1326 1528 ad
1358 1493 1582 1528 Herodotum

232 1554 411 1596 spectant,
457 1551 519 1595 qui
553 1551 644 1588 VIII
673 1552 718 1587 75
742 1562 794 1595 sq.
831 1555 959 1587 narrat
992 1551 1270 1587 Themistoclem
1313 1562 1378 1596 per
1419 1551 1584 1586 nuntium

229 1610 347 1646 Xerxi
379 1610 554 1655 suasisse,
590 1613 630 1645 ut
662 1611 822 1646 Graecos
858 1610 1113 1646 dissentientes
1147 1621 1259 1654 prope
1293 1610 1449 1646 insulam
1480 1609 1584 1646 Sala-

228 1668 360 1704 minem
387 1669 661 1713 aggrederetur,
690 1672 726 1704 et
742 1669 902 1704 Xerxem
929 1669 997 1704 hoc
1023 1668 1215 1704 consilium
1242 1671 1403 1704 secutum
1423 1668 1583 1704 Graecos

229 1727 395 1763 adortum
428 1737 522 1772 esse,
541 1727 619 1771 ,qui
646 1738 810 1772 pugnare
846 1727 964 1764 coacti
991 1727 1184 1764 victoriam
1217 1738 1239 1763 a
1264 1727 1388 1763 Persis
1419 1730 1583 1772 reporta-

227 1786 377 1822 vissent.
430 1787 543 1821 Recte
570 1786 685 1830 igitur
711 1798 733 1821 a
751 1787 909 1822 Libanio
938 1786 1094 1822 victoria
1120 1786 1321 1822 Salaminia
1347 1786 1582 1822 Themistocli

228 1844 404 1881 tribuitur
415 1843 453 1890 ²).
489 1844 608 1892 (Quod
635 1846 758 1881 eadem
785 1845 921 1891 legatio
949 1856 971 1881 a
988 1844 1146 1881 Libanio
1173 1844 1402 1890 significatur
1427 1844 1465 1881 in
1492 1845 1580 1881 decl.

228 1904 247 1938 I
274 1904 385 1948 §104
418 1904 559 1939 verbis:
603 1905 848 1951 Θεμιστοκλῆς
875 1903 1009 1944 ἐκεῖνος
1043 1924 1084 1929 -
1106 1924 1153 1929 —
1184 1905 1230 1951 τῇ
1256 1903 1296 1941 δὲ
1323 1903 1415 1950 [scil.
1443 1902 1579 1950 οἷπάτῃ]

228 1959 342 1998 ἔσωσε
375 1959 440 2008 τήν
465 1959 617 1998 Ἑλλάδα
628 1961 655 2008 3)
695 1965 731 1997 et
766 1962 805 1997 in
841 1963 861 2007 ἓ
890 1962 978 1998 107:
1015 1961 1055 1998 τὸ
1089 1960 1175 2002 τούς
1198 1960 1371 2009 Ἕλληνας
1404 1960 1477 1998 ὑπὸ
1511 1963 1582 1998 τῶν

228 2017 413 2067 ὑμετέρων
444 2018 702 2067 ἐξηπατῆσθαι
734 2020 913 2068 πατέριον,
947 2021 1015 2056 hoc
1046 2021 1119 2056 iam
1150 2018 1457 2067 Markowski4)
1483 2025 1581 2057 recte

228 2077 509 2122 demonstravit;
554 2089 637 2113 nam
670 2079 931 2117 Themistocles
966 2090 1009 2114 ea
1042 2090 1082 2114 re
1113 2080 1208 2123 quod
1235 2080 1396 2116 Graecos
1428 2080 1580 2125 decepit,

227 2136 421 2174 vlotoriam
448 2137 618 2184 peperit.)
671 2137 761 2173 Tum
794 2137 831 2173 in
857 2138 899 2184 ἐξ
927 2138 973 2173 38
1001 2141 1036 2174 et
1062 2138 1108 2174 39
1140 2138 1264 2174 rhetor
1290 2137 1396 2174 dicit:
1433 2136 1469 2174 οἱ
1495 2138 1581 2187 περὶ

328 2235 349 2271 ¹)
371 2235 417 2263 Ad
440 2235 543 2264 eadem
565 2235 727 2264 referenda
749 2237 831 2271 sunt,
852 2243 929 2270 quae
944 2235 1019 2263 dicit
1039 2234 1185 2264 Libanius
1207 2235 1264 2265 vol.
1281 2235 1325 2265 IV
1346 2244 1373 2271 p.
1391 2236 1475 2272 1124,
1487 2236 1525 2265 29
1539 2236 1580 2265 R:

230 2286 433 2324 Θεμιστοκλέα
455 2301 492 2305 -
514 2282 547 2314 τὸ
569 2282 692 2318 ξύλινον
714 2282 893 2323 εὑρίσκοντα
914 2287 1014 2322 τεῖχος
1034 2281 1086 2317 τὰς
1106 2282 1188 2317 ναῦς.

326 2334 348 2370 ²)
371 2334 517 2362 Similiter
539 2334 684 2364 Cornel.
701 2334 782 2370 Nep.
799 2333 901 2363 Them.
914 2334 984 2370 4,5:
1012 2333 1114 2362 Victus
1136 2342 1204 2371 erqo
1225 2336 1267 2362 est
1286 2334 1382 2371 magis
1402 2335 1492 2363 etiam
1512 2343 1580 2364 con-

224 2382 296 2411 silio
320 2381 512 2411 Themistocli
532 2391 622 2419 quam
643 2382 737 2411 armis
760 2382 906 2412 Graeciae
927 2382 1003 2420 (scil.
1019 2382 1186 2418 barbarus).

325 2430 347 2469 ³)
370 2430 416 2461 Cf.
439 2430 548 2460 Thuc.
575 2431 591 2460 I
614 2431 710 2469 74,1:
750 2433 953 2471 Θεμιστοκλέα
982 2431 1014 2461 δὲ
1041 2427 1191 2470 ἄρχοντα,
1222 2428 1254 2465 ὃς
1282 2429 1453 2466 αἰτιώτατος
1481 2434 1515 2462 ἐν
1539 2432 1579 2472 τῷ

226 2479 319 2517 στενῷ
341 2479 541 2518 ναυμαχῆσαι
563 2482 692 2518 ἐγένετο,
716 2479 790 2519 ὅπερ
811 2484 988 2519 σαφέστατα
1009 2481 1125 2509 ἔσωσε
1146 2479 1181 2509 τὰ
1202 2479 1375 2519 πράγματα.

325 2528 348 2565 ⁵)
371 2528 415 2557 De
429 2528 557 2558 Libanio
571 2528 705 2559 Socratis
727 2529 895 2567 defensore,
917 2529 1012 2559 Bresl.
1023 2529 1100 2558 Phil.
1111 2528 1187 2560 Abh.
1210 2529 1285 2560 fasc.
1297 2530 1343 2567 40,
1366 2529 1450 2568 1910,
1471 2539 1498 2568 p.
1514 2531 1578 2560 113.
