1848 2929
791 215 840 251 63

142 332 375 379 (καταλαβεῖν
407 331 472 382 γὰρ
498 331 609 370 αὐτὸν
639 332 799 380 χειμῶνά
823 347 862 371 τε
887 335 948 371 καὶ
979 332 1175 382 κρυμὸν),
1207 331 1491 380 ἐπειρυσάμενον

141 390 206 439 τήν
231 390 396 439 λεοντέην
421 394 656 429 κατυπνῶσαι
682 397 718 429 et
735 394 787 430 IV
805 394 868 429 28;
894 391 1007 429 ἵπποι
1031 392 1099 438 μὲν
1125 391 1163 428 ἐν
1188 391 1338 440 κρυμῷ
1363 389 1491 427 ἑστεῶ-

141 463 201 491 τες
225 448 568 497 ἀποσφακελίζουσι.

240 506 374 557 λήιον.
416 509 496 546 Hoc
521 510 786 547 substantivum
812 514 849 547 et
873 510 992 556 ipsum
1019 521 1042 546 a
1058 509 1216 546 Libanio
1244 519 1288 544 ex
1306 508 1491 544 Herodoto

141 571 322 612 sumptum
353 572 426 612 est;
466 579 550 604 nam
575 580 655 604 eum
685 569 724 604 in
755 570 919 605 oratione
944 567 1168 613 Ἀντιοχικὸς
1194 568 1280 615 (ΧΙ)
1312 567 1492 612 inscripta

143 628 279 670 exstat,
315 625 353 661 in
379 636 450 669 qua
479 626 594 662 multa
618 627 825 663 Herodotea
850 627 1029 664 vocabula
1059 626 1310 671 inveniuntur,
1345 628 1420 661 tum
1452 625 1491 660 in

142 684 163 729 ξ
182 684 227 720 31
255 684 457 729 adhibetur,
484 685 547 721 ubi
571 685 679 730 paulo
704 690 788 730 post
812 686 1078 722 substantivum
1105 686 1351 722 Herodoteum
1377 682 1490 720 ἄστα-

142 741 244 789 xus-¹)
278 742 449 787 legimus;
496 743 564 779 hoe
597 746 716 779 autem
755 747 791 779 et
823 744 940 789 ipsum
974 744 1160 780 invenitur
1197 744 1236 779 in
1269 743 1335 779 illo
1369 742 1491 787 capite

144 802 231 838 Her.
258 802 291 838 V
308 802 355 837 92
374 801 394 846 ζ
404 800 442 849 ²),
476 802 539 838 ubi
572 802 667 839 idem
695 803 786 839 illud
819 801 921 851 λήιον
952 802 1240 848 deprehenditur.
1292 802 1491 838 Praeterea

143 864 264 896 exstat
301 862 396 905 apud
434 861 626 897 Libanium
664 862 703 897 in
742 863 865 897 eadem
898 862 1059 898 oratione
1092 863 1148 897 XI
1164 854 1239 897 23:
1284 860 1418 909 δένδρα
1450 873 1490 896 τε

142 917 399 967 ἀναδραμόντα
430 921 490 957 καὶ
522 918 597 957 ὑπὸ
631 922 709 961 τοῖς
742 919 905 967 δένδρεσι
940 918 1039 968 λήια
1072 918 1292 956 θάλλοντα
1326 923 1363 956 et
1393 920 1490 964 apud

142 978 365 1013 Herodotum
414 978 433 1013 Ι
467 980 531 1014 19;
583 978 632 1020 οἷς
674 977 782 1026 ἅφθη
824 978 976 1022 τάχιστα
1018 977 1059 1014 τὸ
1101 977 1224 1027 λήιον
1276 982 1311 1014 et
1352 979 1372 1014 I
1398 979 1488 1014 193:

144 1034 344 1084 ἀρδόμενον
383 1035 507 1083 μέντοι
549 1036 586 1073 ἐκ
621 1037 688 1073 τοῦ
722 1037 891 1083 ποταμοῦ
924 1035 1117 1086 ἁδρύνεταί
1147 1051 1186 1074 τε
1220 1035 1262 1073 τὸ
1293 1035 1413 1085 λήιον
1453 1040 1489 1073 et

144 1096 183 1131 II
212 1097 274 1131 14:
307 1094 343 1131 οἱ
367 1094 470 1132 ἄλλοι
495 1095 690 1145 ἄνθρωποι
715 1096 802 1144 περὶ
828 1095 951 1144 λήιον
976 1096 1160 1133 πονέουσι.
1204 1097 1273 1132 Sed
1299 1096 1408 1132 etiam
1434 1096 1489 1132 in-

143 1154 307 1190 venimus
343 1155 381 1190 in
417 1155 530 1190 Hom.
558 1155 664 1190 Iliad.
692 1154 731 1189 II
759 1155 844 1198 147;
888 1155 1020 1190 XXIII
1045 1155 1116 1190 599
1158 1159 1194 1190 et
1231 1155 1271 1190 in
1315 1154 1487 1190 Hesiod.

144 1216 234 1248 scut.
263 1214 332 1249 288
365 1217 401 1249 et
426 1214 465 1248 in
491 1213 706 1249 Theocrit.
735 1213 782 1248 id.
803 1213 840 1248 X
858 1214 901 1248 21
931 1217 968 1249 et
993 1214 1039 1248 42
1070 1217 1107 1249 et
1132 1214 1169 1249 in
1195 1213 1376 1249 Aristot.
1403 1213 1488 1250 hist.

144 1271 251 1307 anim.
269 1272 334 1314 ,ΙΧ
361 1272 393 1307 6.

244 1329 430 1378 νιφετός.
481 1331 560 1367 Hoc
586 1330 867 1376 substantivum,
904 1331 998 1375 quod
1022 1331 1146 1367 rhetor
1181 1330 1329 1367 adhibet
1363 1330 1402 1366 in
1438 1341 1488 1367 or.

144 1389 200 1425 XI
225 1390 284 1434 32,
311 1393 489 1434 sumptum
518 1392 573 1425 est
598 1400 644 1425 ex
668 1389 755 1424 Her.
774 1390 826 1426 IV
844 1389 909 1425 50:
945 1390 1108 1437 νιφετῷ
1132 1388 1172 1426 δὲ
1199 1387 1317 1425 πάντα
1342 1390 1488 1437 χρᾶται;

145 1458 228 1484 nam
264 1448 386 1484 verbis
419 1448 612 1493 Herodoti,
652 1458 743 1492 quae
779 1448 817 1484 in
856 1449 980 1484 eodem
1013 1448 1133 1493 eapite
1171 1449 1224 1484 IV
1249 1448 1297 1484 50
1335 1451 1488 1492 exstant,

145 1505 254 1555 κρήνη
280 1510 316 1542 et
341 1507 448 1552 paulo
475 1510 557 1551 post
583 1505 716 1554 ὄμβροι
742 1508 838 1552 apud
855 1507 1051 1543 Libanium
1078 1507 1116 1542 in
1143 1508 1266 1542 eadem
1292 1507 1358 1543 illa
1383 1518 1489 1551 para-

147 1566 286 1611 grapho
305 1566 349 1602 31
379 1569 415 1601 et
439 1566 479 1601 in
504 1565 669 1610 sequenti
687 1566 734 1601 32
759 1566 979 1610 respondent
995 1567 1109 1602 verba
1134 1564 1267 1614 ὄμβροι
1293 1569 1328 1602 et
1351 1566 1490 1614 κρῆναι.

145 1625 335 1660 Invenitur
361 1625 484 1660 eadem
510 1635 582 1660 vox
607 1624 646 1659 in
671 1625 785 1660 Hom.
813 1624 920 1660 Iliad.
947 1625 984 1660 X
1011 1626 1032 1659 7
1064 1628 1100 1660 et
1125 1625 1254 1670 Odyss.
1281 1625 1333 1661 IV
1351 1625 1422 1660 566
1453 1627 1490 1659 et

147 1682 185 1718 in
201 1683 320 1718 Pind.
339 1693 466 1728 paean.
482 1683 537 1718 IX
554 1693 587 1718 v.
609 1683 654 1718 14
678 1681 746 1729 (ed.
766 1682 979 1729 Schroeder)
1006 1685 1042 1718 et
1060 1682 1097 1718 in
1115 1682 1486 1719 Pseudo—Aristot.

147 1743 190 1778 de
216 1743 345 1779 mundo
372 1753 450 1787 cap.
477 1742 529 1779 IV
555 1753 588 1787 p.
609 1742 680 1778 394
693 1744 728 1787 b,
756 1742 788 1778 2.

244 1800 490 1849 παλίρροια.
541 1801 647 1836 Hanc
682 1811 807 1837 vocem
843 1801 1020 1837 Libanius
1057 1801 1095 1836 in
1131 1812 1181 1837 or.
1209 1801 1298 1837 LIX
1325 1801 1393 1836 138
1429 1801 1488 1836 de-

146 1860 324 1906 prompsit
356 1870 401 1896 ex
426 1860 512 1896 Her.
540 1859 579 1896 II
605 1860 669 1905 28;
705 1870 789 1896 nam
822 1859 887 1896 illo
917 1859 997 1896 loeo
1028 1860 1214 1905 complura
1239 1861 1350 1896 verba
1374 1859 1488 1895 Hero-

147 1919 223 1955 doti
248 1919 397 1964 propria
429 1920 655 1964 adhibentur,
692 1930 783 1963 quae
814 1920 887 1955 iam
912 1930 1023 1964 supra
1048 1920 1312 1955 nominavimus
1322 1918 1359 1965 ⁹).
1410 1919 1489 1954 Hoc

147 1977 412 2014 substantivum
430 1978 673 2014 Herodoteum
700 1988 779 2014 esse
805 1978 878 2013 iam
904 1988 949 2013 ex
967 1988 1010 2013 ea
1027 1988 1067 2013 re
1093 1981 1256 2022 apparet,
1284 1978 1376 2020 quod
1393 1977 1488 2021 apud

147 2040 285 2072 ceteros
318 2037 514 2081 scriptores
548 2047 619 2072 non
650 2036 835 2073 invenitur
865 2037 937 2072 nisi
971 2037 1010 2072 in
1035 2037 1157 2081 Soph.
1186 2036 1314 2080 fragm.
1335 2035 1415 2080 716,
1449 2035 1488 2070 in

147 2095 311 2132 Gallim.
339 2095 418 2131 Del.
445 2096 530 2140 1933
578 2095 796 2131 Plutarch.
823 2106 911 2131 mor.
939 2106 973 2140 p.
993 2096 1065 2131 413
1083 2096 1126 2131 A.
1159 2095 1228 2130 897
1247 2095 1292 2138 B;
1339 2093 1486 2139 Polyb.

146 2154 166 2190 Ι
191 2155 249 2200 82,
269 2155 301 2190 3.
330 2154 492 2190 XXXIV
520 2155 553 2199 9,
572 2155 606 2190 5.

245 2212 496 2250 πανδαισία.
547 2213 725 2249 Libanius
751 2214 844 2249 hanc
869 2224 1004 2258 vocem,
1033 2222 1138 2257 quam
1164 2213 1312 2257 praebet
1336 2211 1407 2248 vol.
1436 2211 1487 2247 IV

146 2283 180 2317 p.
202 2273 306 2318 1030,
328 2273 348 2308 7
383 2283 427 2308 ex
453 2272 539 2308 Her.
567 2272 599 2308 V
618 2272 665 2308 20
691 2272 956 2317 deprompsisse
990 2283 1033 2308 ea
1059 2273 1101 2307 de
1135 2281 1243 2307 eausa
1274 2270 1362 2305 mihi
1388 2269 1488 2305 vide—

247 2409 256 2426 ¹
289 2408 348 2437 v·d
407 2417 425 2437 a
449 2432 455 2437 .
476 2409 523 2437 61.

246 2408 268 2494 ἓξ
290 2417 337 2487 El
350 2417 413 2487 3103:
426 2417 499 2487 ῗοοο
514 2457 673 2487 Libanium
695 2458 877 2486 sententiam
899 2457 1115 2494 deprompsisse
1136 2455 1337 2484 demonstravi
1358 2463 1427 2493 pag.
1443 2456 1490 2486 45.

245 2506 269 2542 ⁸)
289 2506 366 2535 Vide
385 2515 454 2543 pag.
476 2507 523 2535 61.
