1848 2929
872 223 916 257 1'7

323 339 392 375 Sed
427 339 534 375 etiam
569 350 659 384 quae
693 339 870 376 Libanius
904 339 1011 375 dicit:
1054 341 1124 374 τῶν
1159 338 1197 374 δὲ
1231 337 1401 386 Ἑλλήνων
1435 337 1470 373 οἱ
1503 337 1570 383 μὲν

226 396 329 445 φόβῳ
370 399 721 441 συνακολουθοῦσιν,
760 395 796 434 οἱ
835 396 875 435 δὲ
912 395 1102 445 ἡσυχάζειν
1141 396 1334 443 ἐγνώκεσαν
1371 397 1418 432 ad
1453 397 1569 432 Hero-

226 456 346 491 dotum
385 458 589 492 revocanda
628 460 728 501 sunt;
774 467 856 492 nam
891 466 983 500 quae
1023 456 1243 492 Graecorum
1282 455 1452 492 civitates
1490 455 1570 499 regi

226 514 418 550 Persarum
453 526 581 559 aquam
621 519 656 551 et
686 519 821 551 terram
847 514 1039 559 dedissent,
1079 515 1253 559 scriptum
1279 514 1442 551 videmus
1473 514 1570 558 apud

226 573 312 609 Her.
332 573 405 611 VII
432 574 520 618 132;
556 578 592 610 et
617 585 708 618 quae
733 574 899 610 nationes
931 577 1007 609 toto
1033 573 1127 609 bello
1162 573 1343 609 afuissent
1369 576 1405 609 et
1430 572 1569 608 neutris

226 632 363 667 auxilio
389 633 583 678 venissent,
611 633 725 668 tradit
750 633 844 668 idem
869 632 942 669 VII
969 632 1153 676 148-152,
1181 632 1362 676 163-164,
1383 632 1567 667 168-171,

225 690 374 726 Libanii
414 702 499 727 vero
542 693 675 727 verba:
730 689 812 728 οὐδ’
850 690 912 726 ἐπὶ
955 689 1074 735 ξενίαν
1116 688 1200 729 τούς
1244 689 1307 725 ἐπὶ
1349 688 1413 737 τήν
1454 690 1570 735 βῶλον

227 747 375 796 ἥκοντας
410 748 560 785 ἐκάλεσα
592 748 765 797 κήρυκας,
799 747 879 784 ἀλλ’
909 747 1102 784 ἀπέκτεινα
1137 749 1267 783 iterum
1300 749 1347 783 ad
1380 748 1569 783 Plutarchi

227 808 361 844 fontem
400 811 564 853 spectare
607 808 696 844 mihi
731 808 915 852 videntur,
961 807 1129 851 quoniam
1166 807 1261 852 apud
1302 817 1381 843 eum
1418 807 1569 852 legimus

226 867 346 902 Them.
372 868 411 902 6:
454 865 557 915 ἔργον
584 866 621 903 ἐν
646 869 724 907 τοῖς
755 868 985 914 πεμφθεῖσιν
1010 863 1082 901 ὑπὸ
1113 864 1291 912 βασιλέως
1323 864 1385 901 ε’πὶ
1416 867 1479 913 γῆς
1510 866 1570 901 καὶ

225 923 357 965 ὕδατος
392 926 546 972 αἴτησιν.
598 924 752 973 ἑρμηνέα
789 923 854 972 γάρ
890 923 977 961 ὄντα
1014 923 1201 969 συλλαβών
1238 923 1299 959 διὰ
1335 924 1572 971 ψηφίσματος

225 982 432 1019 ἀπέκτεινεν
459 984 551 1029 (scil.
579 982 598 1019 ὁ
619 984 895 1030 Θεμιστοκλῆς).
922 1003 969 1008 -
995 983 1045 1017 Et
1071 993 1163 1025 quae
1190 982 1466 1017 Themistoclem
1491 983 1572 1017 rhe-

226 1045 283 1077 tor
312 1042 515 1086 loquentem
549 1041 640 1077 facit
673 1041 712 1077 in
744 1041 832 1077 decl.
861 1041 897 1077 X
923 1041 943 1087 ξ
971 1042 1013 1077 31
1049 1041 1102 1076 ed.
1122 1041 1183 1076 R:
1223 1039 1357 1081 ταύτας
1388 1041 1480 1087 (scil.
1508 1039 1573 1082 τοὶς

226 1101 342 1143 νίκας)
381 1121 426 1124 —
466 1098 652 1147 ἀνῃρήμην
690 1098 749 1136 ἐπ’
781 1098 1001 1146 Ἀρτεμισίῳ
1040 1100 1099 1134 καὶ
1136 1098 1262 1147 πρώτῃ
1297 1100 1478 1147 ναυμαχίᾳ
1513 1101 1572 1136 καὶ

227 1158 377 1205 δευτέρᾳ
408 1159 702 1202 καταναυμαχῶν,
736 1160 884 1205 πρᾶγμα
916 1157 1038 1202 δείξας
1072 1156 1289 1193 α’νέλπιστον
1307 1155 1452 1203 τἘλλησι
1485 1162 1572 1204 βαρ-

225 1215 360 1264 βάρους
392 1214 456 1264 ὐῳ’
482 1214 581 1264 ἡμῶν
610 1214 698 1253 κατά
728 1214 916 1253 θάλατταν
949 1214 1190 1264 ἡττωμένους,
1225 1216 1394 1260 quoniam
1424 1215 1572 1252 Neoclis

226 1275 349 1311 verbis
375 1276 572 1320 ναυμαχίαι
602 1274 668 1312 δύο
693 1276 779 1323 περὶ
808 1274 966 1321 Εὔβοιαν
991 1275 1052 1310 καὶ
1078 1277 1172 1310 νῖκαι
1209 1279 1245 1310 et
1271 1275 1361 1319 ipsis
1388 1285 1432 1310 ex
1457 1275 1572 1310 Hero·

227 1334 309 1369 doto
344 1334 469 1379 petitis
483 1334 507 1381 ¹)
540 1345 688 1379 prorsus
722 1335 954 1379 respondent,
990 1335 1113 1370 eadem
1148 1335 1190 1369 de
1223 1344 1333 1369 causa
1366 1336 1474 1377 atque
1507 1333 1573 1369 illa

227 1393 509 1429 Halicarnasseo
545 1394 668 1429 deberi
701 1395 863 1438 putanda
896 1397 988 1429 sunt.
1030 1414 1075 1418 —
1115 1393 1217 1438 Quod
1245 1393 1423 1428 Libanius
1462 1393 1482 1437 ξ
1509 1393 1571 1427 34:

227 1455 481 1487 commemorat
515 1451 694 1497 βασιλέως
729 1451 937 1499 δρασμόν,
981 1452 1047 1488 hoc
1084 1455 1120 1487 et
1153 1452 1270 1496 ipsum
1310 1462 1354 1486 ex
1387 1451 1571 1486 Herodoto
1593 1444 1604 1453 ’

226 1510 424 1546 delibatum
467 1514 539 1554 est;
601 1521 683 1546 nam
726 1510 879 1555 legimus
926 1511 1022 1555 apud
1064 1518 1142 1546 eum
1189 1510 1281 1547 VIII
1307 1511 1372 1545 97:
1432 1508 1573 1557 Ξέρξης

226 1567 418 1616 δρησμὸν
460 1568 627 1615 ἐβούλευε
677 1573 711 1604 et
732 1569 841 1604 .VIII
869 1569 956 1604 100:
1014 1568 1231 1616 Μαρδόνιος
1273 1567 1314 1603 δὲ
1351 1567 1464 1615 ὁρέων
1504 1568 1571 1612 μὲν

226 1625 364 1674 Ξέρξην
397 1625 586 1675 συμφορήν
618 1626 772 1674 μεγάλην
813 1625 851 1661 ἐκ
884 1627 948 1674 τῆς
984 1626 1186 1673 ναυμαχίης
1220 1625 1454 1671 ποιεύμενον,
1497 1624 1570 1662 ύπ·
1610 1625 1612 1627 ’

226 1684 390 1721 οπτεύων
416 1684 456 1722 δὲ
474 1684 584 1722 αὐτὸν
610 1684 800 1734 δρησμόν
825 1683 1012 1732 βουλεύειν
1038 1684 1075 1720 ἐκ
1092 1687 1163 1721 τῶν
1180 1684 1378 1732 Ἀθηνέων.
1406 1706 1452 1709 -
1479 1685 1570 1720 Tum

224 1745 262 1779 in
297 1745 384 1780 decl.
413 1745 448 1779 X
480 1745 500 1790 ξ
527 1745 573 1780 35
610 1745 801 1781 victoriam
827 1744 1063 1781 Salaminiam
1098 1756 1176 1780 cum
1210 1743 1442 1779 Marathonia
1475 1754 1570 1779 corn-

224 1813 358 1847 parans
389 1803 513 1839 rhetor
546 1803 652 1839 dicit:
696 1801 795 1840 κάκεῖ
827 1803 892 1848 μὲν
925 1801 1143 1851 πεντήκοντα
1175 1801 1350 1851 μυριάδες
1384 1803 1568 1850 στρατιᾶς,

225 1860 387 1899 ἐνταῦθα
420 1860 460 1897 δὲ
490 1861 735 1904 πεντακόσιαι,
771 1872 839 1906 quo
873 1862 952 1898 loco
987 1873 1066 1897 cum
1099 1862 1241 1906 profert
1274 1862 1321 1897 ad
1351 1861 1569 1897 Salaminem

225 1920 440 1965 quingentas
470 1920 626 1956 militum
656 1921 849 1957 Persarum
880 1921 1064 1966 myriades
1097 1921 1227 1965 fuisse,
1262 1921 1329 1956 hoc
1354 1919 1495 1964 accepit
1526 1930 1570 1955 ex

225 1978 311 2013 Her.
339 1978 411 2014 VII
441 1979 523 2022 186,
558 1979 621 2014 ubi
652 1979 824 2024 legimus:
861 1980 1152 2019 πεντακοσίας
1185 1991 1229 2014 τε
1262 1976 1478 2026 μυριάδας
1510 1978 1568 2013 καὶ

225 2036 340 2072 εἴκοσι
365 2036 425 2072 καὶ
456 2034 548 2072 ὀκτώ
574 2038 635 2074 καὶ
661 2036 831 2082 χιλιάδας
856 2040 955 2086 τρεῖς
980 2039 1039 2075 καὶ
1066 2036 1304 2077 ἑκατοντάδας
1336 2035 1401 2073 δύο
1426 2037 1487 2073 καὶ
1513 2036 1575 2083 δεή

225 2093 338 2135 κάδας
371 2093 436 2131 δύο
470 2093 612 2142 ἀνδρῶν
646 2095 754 2143 ἤγαγε
780 2095 920 2144 Ξέρξης
952 2095 972 2132 ὁ
1000 2097 1175 2144 Δαρείου.
1211 2117 1257 2121 -—
1290 2096 1414 2138 Neque
1448 2105 1491 2129 ea
1524 2096 1570 2129 ab

225 2152 409 2189 Herodoto
444 2153 564 2190 aliena
595 2158 694 2199 sunt,
730 2165 821 2199 quae
852 2155 1031 2191 Libanius
1057 2154 1333 2190 Themistoclem
1367 2153 1569 2196 loquentem

224 2211 330 2255 fingit
361 2212 399 2246 in
432 2213 521 2247 decl.
549 2213 585 2248 X
616 2213 636 2258 ἓ
662 2214 727 2249 4οῑ
774 2212 937 2255 δέδοικα,
978 2209 1006 2248 ὦ
1037 2212 1166 2260 ἄνδρες
1192 2211 1402 2258 Ἀθηναῖοι,
1441 2208 1491 2257 μή
1524 2223 1570 2254 με

224 2269 332 2305 τοῦτο
357 2271 421 2317 τῆς
442 2268 588 2311 εὐνοίας
613 2269 845 2320 ἀποστερήσῃ
870 2273 935 2319 τῆς
960 2273 1031 2307 τῶν
1048 2269 1269 2307 Ἐλευσινίων
1286 2270 1397 2310 θεῶν,
1423 2267 1571 2305 δέδοικα

225 2326 275 2376 μή
292 2342 357 2373 μοι
383 2331 541 2377 δυσμενῆ
567 2329 703 2379 ποιήσῃ
729 2329 775 2366 τά
793 2329 994 2375 πνεύματα,
1020 2328 1070 2377 μη
1087 2327 1172 2368 τούς
1190 2327 1374 2367 Αἰακίδας
1400 2325 1570 2375 ἐχθρούς,

224 2384 277 2433 μή
302 2385 365 2434 τὴν
390 2387 585 2425 θάλασσαν
611 2388 792 2431 &wamiam
826 2399 908 2424 nam
935 2387 1193 2423 Themistocles
1225 2387 1292 2422 hoc
1319 2386 1399 2421 loco
1426 2385 1572 2421 confite-

326 2504 346 2541 ¹)
367 2504 444 2533 Vide
464 2513 531 2543 pag,
550 2506 596 2536 13.

285 2580 435 2609 Werner,
458 2582 496 2604 De
513 2582 622 2606 Libanil
638 2584 736 2606 studiis
752 2583 911 2605 Herodoteis
1437 2573 1455 2600 2
