1848 2929
829 212 1063 267 —32—„„

268 326 359 364 ἀλλὰ
385 327 604 373 μαινόμενος
641 333 677 364 et
703 329 740 363 in
773 340 823 364 or.
851 330 907 364 XI
934 330 999 365 63:
1035 327 1100 377 τὴν
1125 327 1322 377 ἀγριότητα
1349 327 1553 375 Καμβύσου
1590 333 1626 365 et

270 387 307 422 in
347 387 610 432 scriptiuncula
656 386 790 435 ψόγος
828 385 956 436 ὀργῆς
999 387 1177 433 inscripta
1220 387 1291 424 vol.
1319 387 1371 424 IV
1397 388 1546 433 989,13
1573 388 1621 424 R:

270 444 358 494 ὀργῇ
383 445 589 494 Καμβύσης
622 445 666 482 τὰ
697 444 814 482 πολλὰ
848 445 965 482 ἐκεῖνα
993 445 1200 495 ἐξήμαρτε.)
1251 446 1342 482 Τ11111
1377 447 1470 490 quod
1503 447 1625 482 eodem

268 504 333 540 illo
359 504 439 540 loco
473 504 638 549 sophista
665 504 803 550 pergit:
841 503 970 553 Κύρου
995 503 1111 547 εὐθὺς
1140 503 1332 551 γενομένου
1357 503 1626 554 κατεψηφίσθη

269 561 435 604 θάνατος
464 562 524 598 καὶ
550 564 666 599 ταῦτα
692 561 765 599 ὑπὸ
795 565 868 599 τῶν
899 563 1172 611 προσηκόντων,
1211 564 1279 600 1100
1305 564 1351 600 ad
1384 563 1423 599 id
1455 563 1624 608 pertinet,

269 622 364 666 quod
397 622 603 658 Herodotus
634 625 762 658 narrat
787 622 805 657 Ι
834 622 903 659 108
938 623 1138 668 Astyagem
1172 623 1347 668 Harpago
1374 621 1623 667 imperavisse,

268 683 309 716 ut
331 680 465 726 Cyrum
491 691 640 725 puerum
668 685 825 717 necaret.
870 681 920 717 Et
946 682 1046 725 quod·
1066 681 1202 717 accidit
1228 685 1314 727 tum,
1341 692 1420 717 cum
1440 681 1623 727 Astyages

268 739 401 785 Cyrum
429 739 585 775 interfici
612 740 735 784 iussit,
767 743 807 775 ut
833 751 924 776 uxor
949 740 1126 784 pastoris,
1166 739 1225 775 cui
1251 740 1448 785 Harpagus
1474 749 1623 784 puerum

269 798 518 842 exponendum
552 798 772 842 tradiderat,
812 801 988 833 mortuum
1026 801 1150 833 natum
1183 799 1321 842 ederet,
1363 807 1474 841 quare
1507 797 1623 843 Cyrus

267 860 435 892 servatus
463 859 533 901 est,
568 856 614 892 ad
641 856 679 892 id
704 856 898 893 referenda
929 860 1013 892 sunt
1037 856 1194 892 rhetoris
1221 857 1334 893 verba
1368 853 1540 904 συμφορὰ
1563 868 1623 901 yv-

269 913 391 955 ναικὸς
415 913 594 960 βουκόλου
619 913 661 950 τὸ
688 913 852 962 βρέφος
878 913 1068 957 διέσωσεν,
1101 925 1170 959 quo
1197 915 1276 951 loco
1303 914 1482 950 Libanius
1507 914 1623 949 Hero-

268 973 390 1009 dotum
424 976 568 1009 secutus
595 974 706 1009 verbo
741 972 906 1021 βρέφος
937 973 1052 1014 utitur
1065 973 1101 1020 ¹).
1154 973 1284 1019 Pergit
1317 973 1622 1009 Halicarnasseus

268 1032 287 1068 I
315 1032 510 1068 123—130
536 1043 687 1068 narrare
715 1043 737 1068 a
763 1032 869 1079 Cyro,
902 1036 1092 1077 postquam
1120 1034 1166 1069 ad
1192 1036 1349 1069 aetatem
1371 1032 1514 1069 virilem
1540 1042 1622 1077 per-

267 1091 421 1136 venerit,
449 1091 607 1137 Astyagi
633 1102 783 1136 regnum
810 1092 1015 1136 ademptum
1042 1102 1131 1137 esse,
1158 1092 1196 1127 id
1215 1092 1308 1136 quod
1333 1091 1486 1136 respicit
1510 1090 1622 1126 Liba-

267 1151 350 1186 nius
376 1150 517 1187 verbis:
553 1149 796 1198 ‹immensis-²)
825 1149 866 1187 δὲ
897 1150 957 1186 καὶ
988 1149 1138 1199 κινήσας
1164 1149 1312 1199 Πέρσας
1339 1149 1488 1198 Μήδοις
1518 1148 1622 1185 ἐπελ-

268 1207 349 1246 θὼν
379 1207 442 1260 τὸν
468 1207 622 1246 πάππον
653 1208 868 1257 διέφθειρε;
904 1211 967 1245 sed
994 1211 1088 1253 quod
1118 1210 1227 1254 paulo
1258 1213 1342 1254 post
1367 1209 1472 1245 dicit:
1508 1221 1621 1256 προσ-

268 1267 363 1304 εῖναί
388 1280 471 1304 τινα
497 1268 583 1316 περὶ
609 1266 696 1309 τούς
722 1266 879 1309 οἰκείους
905 1266 1032 1316 φόνον,
1067 1269 1104 1304 111
1136 1268 1204 1304 11αο
1234 1279 1274 1304 re
1300 1268 1432 1313 pendet
1457 1278 1502 1304 ex
1529 1267 1621 1303 Iso-

268 1330 405 1372 crate,
433 1327 495 1371 qui
522 1327 561 1362 in
587 1338 637 1363 or.
658 1327 714 1363 IX
733 1327 923 1374 (Euagor.)
950 1328 1036 1373 §38
1063 1338 1128 1372 per
1154 1338 1311 1364 errorem
1330 1330 1470 1363 censet:
1498 1328 1621 1374 Κῦρος

269 1386 309 1423 δὲ
342 1385 405 1421 τὸν
431 1384 574 1433 πατέρα
607 1384 669 1421 τὸν
699 1387 763 1433 τῆς
793 1384 932 1433 μητρὸς
958 1384 1178 1427 ἀπέκτεινεν,
1212 1396 1283 1421 non
1315 1396 1360 1421 ex
1385 1386 1570 1421 Herodoto
1581 1383 1618 1430 ³).

269 1444 341 1492 (Ad
373 1444 522 1480 eundem
554 1444 687 1490 Cyrum
720 1444 842 1480 refero
870 1444 1019 1480 Libanii
1050 1446 1164 1481 verba
1196 1444 1235 1480 in
1269 1455 1320 1480 or.
1339 1444 1415 1480 XII
1441 1454 1533 1488 quae
1566 1442 1621 1478 in-

268 1503 444 1539 scribitur
476 1501 551 1544 Εἰς
577 1501 815 1539 Ἰουλιανὸν
841 1501 1143 1552 αὐτοκράτορα
1169 1501 1350 1545 ὕπατον,
1382 1503 1403 1548 ξ
1430 1503 1494 1538 66:
1527 1501 1618 1537 ὐπο-

267 1560 429 1608 χωρείτω
467 1560 589 1596 τοίνυν
626 1563 678 1607 τῷ
715 1561 861 1607 βασιλεῖ
898 1561 957 1597 καὶ
993 1563 1116 1609 Κῦρος
1154 1559 1174 1596 ὁ
1210 1559 1321 1606 μέγας
1359 1559 1397 1596 ἐν
1431 1559 1621 1608 θεοφιλῶν

266 1619 394 1668 κρίσει.
446 1619 507 1656 καὶ
538 1617 604 1668 γὰρ
636 1618 670 1655 εἰ
695 1621 761 1655 τοῦ
786 1618 961 1666 ποιμένος
986 1618 1111 1664 ἔτυχεν
1142 1618 1195 1662 εἰς
1222 1618 1413 1669 σωτηρίαν,
1444 1617 1534 1656 ἀλλὰ
1557 1631 1620 1664 με-

266 1677 429 1726 μάχηταί
459 1691 497 1725 γε
528 1680 580 1724 τῷ
618 1677 791 1725 πάππῳ.)
842 1679 934 1714 Item
973 1679 1158 1715 Herodoto
1193 1680 1358 1723 debetur,
1398 1679 1490 1722 quod
1531 1677 1621 1713 dicit

268 1737 446 1773 Libanius
475 1736 622 1784 Δαρείῳ
651 1736 690 1774 δὲ
716 1735 781 1785 τὴν
806 1736 997 1782 βασιλείαν
1028 1735 1166 1774 ἔδωκαν
1193 1735 1402 1782 ἱπποκόμου
1427 1735 1532 1784 τέχνη
1558 1736 1619 1772 καὶ

265 1794 383 1837 ἵππος
409 1794 571 1843 δύσερως
601 1796 661 1831 καὶ
689 1794 929 1843 χρεμετισμὸς
959 1794 1276 1843 μεμηχανημένος;
1313 1806 1407 1840 nam,
1440 1798 1479 1831 ut
1504 1795 1620 1830 Hero-

268 1855 373 1890 dotus
401 1858 528 1890 narrat
553 1854 610 1890 III
637 1855 793 1899 84-87,
821 1865 903 1891 011111·
926 1855 1118 1891 Persarum
1145 1854 1339 1899 principes,
1367 1854 1429 1898 qui
1455 1853 1620 1889 Smerdin

267 1913 542 1957 interfecerant,
568 1913 843 1949 constituissent
868 1916 908 1948 ut
934 1913 965 1948 is
992 1924 1056 1948 rex
1075 1913 1189 1957 fieret,
1217 1912 1319 1948 cuius
1345 1922 1456 1956 equus
1473 1915 1618 1956 postero

267 1971 326 2007 die
344 1971 483 2016 primus
501 1970 680 2015 hinnitum
708 1970 892 2015 edidisset,
921 1982 1032 2017 agaso
1051 1971 1161 2007 Darei
1183 1971 1264 2007 dolo
1291 1970 1456 2007 effecisse
1474 1970 1618 2015 dicitur,

265 2034 306 2066 ut
332 2040 444 2074 equus
471 2029 607 2066 domini
633 2030 772 2074 primus
799 2030 969 2074 hinniret,
998 2040 1110 2073 quare
1136 2030 1199 2065 ille
1224 2040 1290 2065 rex
1317 2029 1436 2065 factus
1463 2032 1527 2065 est.

365 2099 397 2134 2.
434 2098 561 2134 Adhuc
593 2097 859 2143 disputavimus
886 2098 929 2134 de
961 2098 1014 2134 eis
1046 2098 1237 2139 sententiis
1269 2099 1314 2134 ab
1348 2098 1532 2134 Herodoto
1560 2098 1620 2133 de-

265 2158 402 2202 libatis,
439 2168 530 2202 quas
556 2157 733 2193 Libanius
769 2157 971 2202 complures
998 2167 1105 2192 unum
1140 2157 1178 2192 in
1204 2157 1321 2193 locum
1347 2156 1485 2202 coegit;
1526 2167 1619 2192 nunc

266 2226 486 2260 exponamus
518 2217 561 2251 de
588 2216 641 2251 eis
669 2226 760 2259 quae
787 2215 954 2260 singulae
986 2215 1045 2250 hic
1072 2215 1150 2250 illic
1176 2215 1425 2259 inveniuntur,
1460 2215 1514 2250 eis
1540 2215 1619 2258 qui-

265 2275 343 2310 dem
388 2274 568 2319 exceptis,
613 2284 703 2318 quas
746 2273 819 2309 iam
855 2269 967 2318 supra
1009 2273 1198 2309 occasione
1242 2274 1328 2309 data
1370 2272 1617 2309 tractavimus.

366 2372 386 2408 ¹)
408 2371 486 2401 Vide
507 2371 577 2401 Her.
600 2371 615 2400 1
637 2372 691 2400 111
716 2373 792 2401 extr.

364 2420 386 2458 ²)
408 2420 485 2449 Vide
506 2420 577 2449 Her.
599 2420 614 2449 Ι
637 2420 709 2449 123;
739 2419 829 2459 Κύρῳ
851 2420 884 2449 δὲ
905 2417 1145 2458 ἀνδρευμένῳ
1167 2422 1225 2449 κτλ,

363 2468 387 2506 ⁸)
408 2468 495 2498 Conf.
518 2469 588 2499 Her.
610 2468 625 2498 1
642 2468 714 2500 130:
733 2467 901 2508 Ἀστυάγεα
922 2469 954 2498 δὲ
976 2467 1076 2507 Κῦρος
1097 2466 1190 2498 κακὸν
1210 2469 1269 2507 μὲν
1290 2466 1380 2498 οὐδὲν
1401 2465 1471 2498 ἄλλο
1492 2467 1619 2507 ποιήσας

266 2515 330 2555 εἶχε
351 2516 419 2556 παρ’
444 2517 554 2557 ἑωυτῷ,
577 2520 606 2551 ἐς
627 2515 643 2548 ὃ
665 2517 842 2555 ἐτελεύτησε.
