1848 2929
914 197 961 232 34

260 316 331 352 VII
359 316 405 351 :20
431 316 589 351 Xerxem
617 319 653 350 et
678 315 812 359 ipsum,
848 320 1038 360 postquam
1065 315 1268 360 Aegyptios
1294 315 1507 359 subegisset,
1540 324 1611 357 qua

259 373 297 409 in
331 384 371 409 re
402 376 499 410 certe
535 376 649 410 totum
688 384 820 410 annum
851 373 1089 419 consumpsit,
1130 376 1301 418 quattuor
1334 383 1447 410 annos
1477 372 1610 409 bellum

260 434 469 479 paravisse;
506 436 603 469 recte
630 433 744 478 igitur
769 433 949 470 Libanius
975 434 1133 470 Dareum
1160 436 1196 469 et
1213 433 1372 469 Xerxem
1398 444 1463 478 per
1489 433 1610 468 decem

260 502 374 528 annos
408 492 541 527 bellum
573 502 652 527 cum
685 492 839 528 Graecis
873 493 1067 537 gerendum
1100 491 1290 537 paravisse
1322 491 1412 527 dicit
1423 491 1461 538 ¹).
1489 512 1534 517 —
1568 491 1612 527 In

261 551 419 587 eiusdem
447 551 623 588 orationis
646 552 878 597 paragrapho
897 553 943 588 87
971 552 1103 597 rhetor,
1130 555 1319 597 postquam
1345 551 1484 587 incolas
1510 550 1612 587 urbis

261 611 448 647 cuiusdam
482 611 676 646 Persarum
712 615 941 656 expugnatae
977 612 1014 647 in
1049 611 1206 647 Thracia
1241 622 1263 646 a
1296 621 1381 655 rege
1415 610 1611 646 collocatos

262 680 340 705 esse
358 669 536 714 narravit,
564 672 705 705 censet:
742 669 845 717 δίκην
872 668 965 717 ὑπὲρ
991 672 1062 706 τῶν
1088 669 1127 713 ἐξ
1145 667 1302 716 Εὐβοίας
1327 667 1613 717 ἀνηρπασμένων

261 727 442 776 ἐπράξατο
491 725 571 764 ἀντὶ
609 729 680 764 τῶν
717 727 931 777 Ἐρετρικῶν
969 730 1079 774 γενῶν
1119 728 1247 765 τούσδε
1294 727 1332 764 ἐκ
1369 729 1433 776 τῆς
1471 727 1613 764 ἐκείνων

260 785 494 831 &manducas-3
530 787 660 830 quibus
687 787 810 823 verbis
842 791 984 832 spectat
1015 788 1061 822 ad
1087 787 1172 823 illos
1198 787 1444 831 Eretrienses,
1476 796 1564 830 quos
1590 796 1613 821 a

261 845 396 881 Datide
433 849 469 881 et
500 845 730 890 Artapherne
765 857 810 882 ex
840 846 991 882 Euboea
1027 847 1212 882 traductos
1247 849 1283 881 et
1318 857 1341 881 a
1373 856 1458 890 rege
1492 845 1612 880 Dareo

261 915 373 948 prope
416 906 542 940 urbem
579 905 671 940 Susa
708 905 904 941 collocatos
949 915 1027 941 esse
1063 905 1269 941 Herodotus
1310 904 1425 940 tradit
1462 904 1515 939 VI
1542 903 1610 939 101

262 966 298 999 et
325 964 412 1009 119,
446 963 483 1000 id
509 965 604 1009 quod
638 963 747 1000 etiam
780 964 852 1001 alio
888 964 966 1001 loco
1001 975 1023 1000 a
1049 963 1205 1001 Libanio
1238 963 1373 1009 respici
1404 963 1476 1000 iam
1503 974 1614 1009 supra

262 1024 589 1059 demonstravimus
601 1023 638 1070 ²).
692 1024 734 1058 In
770 1035 819 1059 or.
847 1023 972 1070 XV13)
993 1025 1012 1058 7
1041 1023 1318 1067 Antiochenses,
1353 1023 1439 1067 quia
1472 1020 1614 1070 φθόνος

262 1093 318 1121 τις
359 1083 484 1117 urbem
516 1085 711 1127 premeret,
755 1082 961 1118 iamdudum
1000 1082 1159 1127 patriam
1197 1081 1402 1126 relinquere
1436 1085 1473 1117 et
1503 1081 1614 1117 aliam

264 1144 398 1176 terram
432 1144 555 1185 petere
591 1141 757 1177 debuisse
796 1141 984 1177 existimat
1017 1146 1056 1177 ut
1094 1141 1179 1177 illos
1218 1141 1481 1186 Phocaeenses,
1526 1150 1614 1184 quos

263 1200 437 1244 Harpago
472 1200 707 1244 aggrediente
741 1201 843 1236 domo
879 1200 1116 1245 emigravisse
1143 1201 1347 1235 Herodotus
1381 1200 1399 1235 Ι
1428 1200 1496 1235 164
1530 1210 1614 1234 nar-

263 1262 332 1293 rat.
368 1279 413 1283 —
448 1258 491 1293 In
518 1269 568 1294 or.
594 1257 684 1304 XI4)
705 1259 751 1294 73
782 1258 905 1294 dicens
933 1258 1104 1306 Δαρείῳ
1135 1257 1200 1303 μὲν
1233 1253 1297 1294 οὖν
1331 1257 1403 1294 ἐπὶ
1439 1257 1614 1299 Σκύθας
1670 1261 1674 1263 ’

265 1316 491 1353 ἐλαύνοντι
540 1316 699 1366 Τέαρος
742 1317 779 1353 ἑν
821 1316 943 1366 Θρᾴκῃ
987 1319 1181 1363 ποταμὸς
1224 1316 1347 1362 ε”δοξεν
1381 1313 1475 1353 εἶναι
1517 1316 1613 1353 κάλ-

264 1377 410 1418 λιστος
436 1377 560 1412 rhetor
585 1377 769 1422 significat
795 1388 886 1421 quae
914 1378 1118 1413 Herodotus
1144 1381 1271 1413 narrat
1296 1378 1348 1414 IV
1374 1378 1421 1413 90
1441 1388 1509 1421 sq.:
1538 1377 1613 1412 Da-

263 1446 363 1471 reum
406 1439 533 1472 contra
567 1436 721 1482 Scythas
765 1436 1050 1481 proficiscentem
1086 1437 1240 1472 Tearum
1275 1436 1424 1472 fiuvium
1466 1439 1614 1480 propter

263 1494 516 1530 salubritatem
577 1494 731 1531 fontium
791 1495 963 1540 optimum
1026 1499 1061 1531 et
1120 1495 1400 1540 pulcherrimum
1459 1495 1613 1531 omnium

263 1553 455 1589 fluviorum
488 1554 733 1589 nominavisse
768 1558 804 1589 et
834 1555 881 1589 ad
913 1565 991 1589 eum
1025 1554 1226 1589 columnam
1262 1554 1436 1598 erexisse,
1471 1553 1509 1588 in
1543 1563 1614 1597 qua

264 1611 512 1656 inscripsisset
530 1612 637 1648 haec:
661 1640 681 1654 „
691 1610 854 1660 Τεάρου
879 1612 1079 1657 ποταμοῦ
1105 1612 1259 1660 κεφαλαὶ
1279 1610 1393 1659 ὕδωρ
1411 1609 1559 1660 ἄριστόν
1575 1624 1614 1647 τε

264 1670 323 1705 καὶ
349 1669 579 1705 κάλλιστον
605 1669 825 1717 παρέχονται
852 1669 999 1705 πάντων
1017 1672 1207 1714 ποταμῶν·
1235 1670 1294 1706 καὶ
1320 1668 1377 1705 ἐπ’
1394 1668 1505 1709 αὐτὰς
1530 1667 1615 1705 ἀπί-

264 1741 344 1763 κετο
363 1727 553 1764 ἐλαύνων
572 1727 643 1764 ἐπὶ
658 1727 830 1770 Σκύθας
849 1726 1002 1776 στρατὸν
1020 1726 1111 1776 ἀνὴρ
1129 1726 1276 1776 ἄριστός
1293 1741 1332 1764 τε
1348 1728 1409 1764 καὶ
1426 1726 1615 1768 κάλλιστος

266 1785 410 1822 πάντων
429 1785 649 1834 ἀνθρώπων,
668 1790 855 1834 Δαρεῖος
881 1786 900 1822 ὁ
918 1785 1146 1828 Ὑστάσπεος,
1166 1785 1338 1834 Περσέων
1362 1800 1401 1821 τε
1418 1786 1477 1822 καὶ
1496 1785 1616 1834 πάσης

266 1846 329 1892 τῆς
355 1843 509 1892 ἠπείρου
534 1844 743 1891 βασιλεύς“.
771 1866 817 1870 —-
845 1845 1006 1880 Eandem
1025 1849 1151 1881 contra
1168 1846 1323 1891 Scythas
1350 1845 1614 1890 expeditionem

265 1904 304 1939 in
343 1903 463 1939 animo
502 1904 612 1939 habet
649 1904 826 1939 Libanius
866 1904 903 1939 in
943 1915 995 1948 ep.
1024 1905 1093 1939 192
1136 1905 1181 1939 ad
1221 1904 1465 1940 Andronicum
1503 1904 1615 1939 missa

266 1962 446 1997 scribens:
484 1964 650 2003 νικῶντες
676 1960 798 2010 ὥσπερ
825 1960 862 1997 οἱ
886 1961 1042 2004 Σκύθαι,
1069 1960 1260 2010 φεύγοντες
1285 1960 1350 2010 γὰρ
1376 1963 1511 2003 νικῶσι,
1538 1959 1616 1998 ἀλλ’

266 2020 417 2062 ἐκείνοις
447 2019 514 2066 μὲν
543 2019 585 2057 τὸ
612 2019 668 2056 ἐπ’
693 2019 841 2067 ἁμαξῶν
867 2020 977 2057 οἰκεῖν
1004 2023 1112 2057 τοῦτο
1143 2024 1313 2069 παρεῖχε;
1349 2032 1431 2057 nam
1458 2021 1614 2067 Scytha-e

367 2158 387 2196 ¹)
403 2157 488 2194 Quod
504 2157 635 2186 Wolfius
650 2158 686 2186 ad
703 2166 746 2194 ep.
757 2158 794 2186 47
810 2158 952 2187 adnotat:
967 2157 1159 2194 „Herodotus
1173 2156 1257 2193 (VII
1271 2158 1298 2193 7)
1312 2160 1340 2186 et
1348 2157 1487 2186 Iustinus
1504 2156 1557 2193 (II
1569 2159 1615 2193 10)

266 2209 414 2235 testantur
435 2215 500 2235 eum
527 2206 602 2242 (scil.
619 2206 759 2242 Xerxem)
781 2215 839 2241 per
867 2206 1103 2242 quinquennium
1128 2205 1248 2235 CLXX
1273 2206 1424 2234 hominum
1450 2206 1614 2242 myriadas,

265 2255 372 2292 quibus
394 2254 541 2284 Graeciae
562 2254 668 2283 bellum
688 2254 825 2291 inferret,
847 2254 979 2291 coiiyisse.
1021 2254 1069 2282 Ab
1096 2254 1162 2282 illis
1183 2254 1326 2283 Iulianus
1347 2262 1388 2283 or.
1405 2254 1428 2283 I
1439 2263 1469 2290 p.
1486 2256 1525 2283 42
1547 2255 1614 2283 hac-

266 2308 350 2333 tenus
372 2303 510 2339 discedit,
539 2303 618 2340 quod
638 2303 810 2333 decennium
838 2303 907 2332 huic
928 2302 1091 2340 apparatui
1111 2303 1273 2332 insumtum
1295 2303 1449 2340 testatur“,
1477 2303 1615 2333 Iulianus

266 2356 357 2389 errat,
379 2353 409 2382 id
431 2353 509 2389 quod
532 2362 568 2382 ex
590 2352 744 2381 Herodoto
767 2353 967 2389 cognoscitur.

365 2402 386 2439 2)
402 2402 478 2432 Vide
500 2411 569 2440 pag.
586 2402 631 2431 20.

365 2451 387 2488 ³)
410 2451 608 2481 Inscribitur:
638 2450 721 2489 Πρὸς
738 2450 911 2489 Ἀντιοχέας
932 2454 997 2489 περὶ
1021 2450 1070 2488 τῆς
1091 2451 1143 2481 τοῦ
1164 2454 1308 2488 βασιλέως
1329 2450 1426 2490 ὀργῆς.

366 2500 388 2537 ⁴)
410 2501 606 2530 Inscribitur:
631 2499 822 2539 Ἀντιοχικὸς.
