1848 2929
950 209 974 245 4

287 326 488 376 ἤθοποιίαι
514 325 615 368 τίνας
647 325 690 363 ἂν
716 321 797 363 εἷπε
823 324 953 374 λόγους
980 324 1172 376 ζωγράφος
1197 326 1270 363 κτλ.
1299 325 1435 374 (1097),
1468 325 1570 368 τίνας
1596 323 1641 361 ἂν

288 386 417 433 λόγους
443 383 545 423 εἶπεν
575 385 746 430 εὐνοῦχος
772 386 915 434 ε’ριῢνῑ),
952 387 1096 422 etiamsi
1128 397 1251 422 earum
1282 390 1448 422 auctores
1480 398 1552 422 non
1577 397 1640 422 no-

286 445 424 490 vimus3
461 445 572 481 etiam
604 444 904 480 declamationem
929 443 1145 492 Ὑπερείδης
1176 444 1391 489 inscriptam
1417 444 1640 489 (323-335)

289 504 534 540 Libanianam
560 514 632 540 non
651 513 729 540 esse
747 503 921 540 Foerster
946 514 1061 549 nuper
1078 502 1246 548 exposuit
1257 502 1295 550 ²).
1330 503 1445 539 Porro
1464 502 1642 549 epistulae

290 564 396 598 1224.
418 564 524 598 1226.
545 564 650 598 1227.
673 563 915 599 1575—1579
951 567 987 599 et
1020 561 1215 611 ἐκφράσεις
1241 561 1451 610 Πολυξένης
1482 575 1641 611 σφαττο-

287 621 398 669 μένης
437 621 527 668 (vol.
551 622 604 659 IV
633 622 726 657 1088
750 621 814 667 R),
860 620 1095 670 Προμηθέως
1120 621 1257 668 (1116),
1302 620 1474 668 Μηδείας
1504 620 1640 667 (1090),

285 678 508 728 Ἡρακλέους
543 679 681 727 (1068),
721 680 760 716 in
799 680 929 724 quibus
969 690 1060 725 quae
1095 680 1279 716 Herodoto
1318 680 1534 716 deberentur
1571 690 1643 715 non

287 739 427 783 inveni,
468 743 504 775 et
531 739 800 786 Δημοσθένους
831 738 1010 785 ἀπολογία
1021 738 1048 785 ³)
1075 739 1299 785 (279—323)
1332 739 1526 774 Foerstere
1557 749 1642 774 auc-

287 801 366 834 tore
397 798 437 833 in
468 797 712 843 suspicionem
746 798 978 834 adducendae
1011 796 1143 844 sunt4).
1196 798 1286 833 Tum
1313 796 1595 833 declamationes
1621 794 1642 845 ἦ

287 857 418 904 μελέτη
438 856 654 905 Πατρόκλου
670 857 755 904 (vol.
772 858 823 894 IV
838 858 1006 893 81-—111
1028 857 1084 903 R),
1113 855 1266 905 ῥήτορος
1283 856 1388 902 λόγος
1405 856 1641 903 (512—539),

288 912 430 963 πατρὸς
462 914 527 964 τὴν
561 914 694 952 ἑαυτοῦ
728 917 845 951 παῖδα
880 914 1165 963 οἷποσφάξαντος
1198 914 1378 961 ἀπολογία
1417 915 1641 962 (771—797)

288 975 487 1019 inscriptas
514 985 536 1010 a
562 975 717 1010 Libanio
745 975 1006 1010 abiudicandas
1034 978 1070 1010 et
1095 974 1297 1010 Choricio
1324 974 1536 1010 tribuendas
1562 984 1640 1009 esse

289 1033 507 1078 Georgius
533 1032 752 1079 Pietsch5)
779 1033 1037 1068 dissertatione
1063 1043 1177 1077 nuper
1204 1032 1476 1069 demonstravit.
1528 1032 1640 1068 Deni-

288 1103 356 1136 que
391 1092 676 1128 declamationes
711 1092 797 1128 illae
832 1093 923 1129 duae
958 1102 1049 1136 quae
1083 1092 1331 1128 inscribuntur
1366 1089 1640 1140 ἀμφισβητοῦσι

289 1149 384 1198 πρὸς
418 1149 596 1198 ἀλλήλους
622 1149 795 1198 Κέφαλος
828 1151 889 1185 καὶ
921 1149 1153 1198 Ἀριστοφῶν
1163 1150 1191 1196 ⁶)
1227 1154 1262 1185 et
1295 1151 1397 1194 ipsae
1430 1161 1453 1185 a
1483 1150 1640 1185 Libanio

291 1210 488 1246 abhorrere
529 1209 619 1246 mihi
652 1209 796 1254 quidem
830 1209 1016 1255 videntur,
1052 1209 1220 1254 quoniam
1253 1220 1315 1246 eas
1355 1211 1401 1246 ab
1436 1208 1536 1246 illius
1574 1219 1642 1246 usu

289 1271 482 1305 verborum
509 1272 545 1304 et
570 1269 792 1304 locutionum
818 1269 926 1313 longe
953 1269 1162 1313 discrepare
1188 1269 1226 1304 in
1252 1269 1444 1313 propatulo
1472 1272 1545 1312 est3
1580 1279 1641 1304 ne-

292 1338 361 1370 que
387 1327 426 1362 in
453 1327 506 1362 eis
533 1327 673 1371 aliquid
699 1330 830 1372 exstat,
858 1328 952 1371 quod
978 1328 1025 1362 ad
1050 1328 1273 1362 Herodotum
1299 1326 1432 1362 referri
1458 1326 1585 1371 possit.

389 1385 625 1422 Editionibus
659 1397 744 1422 usus
776 1397 853 1422 sum
888 1386 1091 1421 orationum
1126 1389 1162 1421 et
1192 1385 1309 1430 partis
1341 1385 1640 1421 declamationum

291 1444 624 1488 Foersteriana,
658 1447 834 1487 quatenus
863 1444 901 1478 in
927 1444 1041 1479 lucem
1070 1444 1201 1479 emissa
1228 1447 1283 1479 est
1294 1443 1320 1489 ⁷)
1348 1444 1470 1490 (attuli
1496 1444 1535 1478 in
1561 1454 1642 1479 ora-

290 1502 453 1538 tionibus
479 1502 539 1539 vel
571 1502 897 1539 declamationibus
931 1503 1242 1548 paragraphorum
1269 1502 1467 1549 numeros),
1508 1502 1644 1547 epistu-

290 1562 408 1597 larum
442 1561 717 1608 Wolfiana⁸)‚
757 1566 957 1598 ceterorum
991 1562 1141 1597 Libanii
1179 1572 1325 1606 operum
1363 1560 1643 1608 Reiskiana⁹)

291 1620 420 1667 (attuli
461 1620 699 1665 voluminum,
740 1620 973 1666 paginarum,
1009 1620 1188 1656 linearum
1221 1619 1419 1666 numeros).
1484 1619 1528 1655 In
1565 1619 1644 1656 vita

292 1679 548 1715 Demosthenis
561 1679 604 1725 l⁰)
648 1683 684 1715 et
717 1680 756 1715 in
789 1680 1050 1726 hypothesibus
1086 1680 1133 1716 ad
1172 1679 1425 1716 Demosthenis
1460 1679 1644 1716 orationes

292 1738 442 1782 scriptis
469 1741 504 1773 et
530 1738 568 1774 in
596 1738 813 1783 fragmentis
839 1739 990 1775 Libanii
1017 1750 1035 1774 e
1062 1739 1287 1783 Doxapatris
1313 1739 1360 1774 ad
1381 1739 1643 1783 Hermogenem

393 1835 414 1872 ²)
435 1835 519 1864 Haec
547 1835 727 1865 declamatio
756 1838 886 1866 recentis
916 1837 1028 1867 aetatis
1057 1837 1178 1866 videtur
1207 1845 1281 1873 esse,
1310 1836 1370 1865 vid.
1390 1837 1644 1873 Foersterum,

292 1884 393 1913 Fleck.
409 1884 514 1915 Jahrb.
536 1884 556 1913 l.
572 1893 596 1914 c.

392 1932 414 1970 ²)
436 1933 502 1962 Lib.
524 1942 589 1970 opp.
612 1933 669 1963 vol.
686 1934 729 1962 VI
750 1943 777 1970 p.
793 1934 851 1963 240
872 1934 905 1964 F.

390 1981 414 2017 ⁸)
436 1981 500 2012 Lib.
517 1990 582 2018 opp.
605 1982 662 2012 vol.
678 1982 722 2012 VI
743 1991 770 2018 p.
785 1983 844 2011 370
855 1991 896 2018 sq.
919 1983 951 2012 F.

391 2030 413 2067 ⁴)
436 2030 545 2059 Cetera
567 2039 586 2059 a
607 2031 807 2060 Foerstero
830 2031 957 2060 Libanio
979 2031 1155 2060 abiudicata
1175 2032 1235 2061 iam
1256 2033 1287 2061 in
1308 2032 1491 2062 editionibus
1512 2032 1644 2062 Morelli-

291 2088 351 2108 ana
372 2082 404 2108 et
425 2079 593 2109 Reiskiana
614 2079 739 2116 desunt;
768 2080 879 2109 idcirco
901 2089 936 2109 ea
958 2089 1132 2110 enumerare
1153 2082 1270 2111 omitto.

390 2128 413 2165 ⁵)
437 2128 480 2156 De
496 2127 633 2157 Choricio
650 2128 786 2157 Patrocli
807 2128 1037 2157 declamationis
1058 2132 1190 2166 auctore,
1213 2130 1307 2159 Bresl.
1324 2130 1400 2159 Phil.
1414 2130 1489 2159 Abh.
1511 2130 1584 2160 fasc.
1597 2131 1644 2166 42,

292 2177 376 2207 1910.
420 2176 507 2206 Conf.
530 2177 594 2207 Lib.
618 2177 677 2207 vol.
693 2177 721 2208 V
741 2186 769 2215 p.
785 2177 841 2206 361
858 2177 891 2206 F.

389 2227 412 2264 ⁶)
435 2227 499 2257 Lib.
523 2227 580 2257 vol.
598 2227 639 2256 VI
660 2236 687 2264 p.
706 2227 763 2257 110
779 2236 821 2263 sq.
837 2227 871 2256 F.

390 2277 412 2314 ⁷)
435 2276 501 2306 Vol.
517 2276 601 2305 I—V
623 2277 789 2314 (orationes
810 2279 842 2305 et
863 2275 1099 2305 declamationes
1121 2277 1264 2315 I—XII);
1293 2278 1344 2307 sed
1366 2278 1458 2307 etiam
1479 2277 1553 2308 decl.
1568 2277 1645 2307 XIII

290 2329 466 2364 Κορινθίων
493 2324 583 2364 λόγος
611 2327 789 2363 inscriptam
815 2327 875 2355 iam
898 2326 979 2362 typis
1005 2326 1179 2362 impressam
1207 2328 1341 2356 auctoris
1368 2328 1471 2365 gratia
1499 2328 1529 2356 in
1556 2335 1644 2356 usum

290 2383 387 2403 meum
410 2378 586 2404 convertere
606 2376 700 2412 potui.

389 2423 412 2461 ⁸)
434 2424 674 2453 Amstelaedami
697 2424 781 2454 1738.

390 2472 413 2510 ⁹)
435 2472 620 2512 Altenburgi
646 2473 704 2504 vol.
727 2473 784 2511 ΙΙΙ,
808 2473 898 2511 1795;
925 2473 978 2511 IV,
1002 2473 1086 2503 1797.

378 2522 411 2559 ¹⁰)
434 2522 648 2552 Demosthenis
670 2524 823 2552 orationes
849 2524 892 2553 ed.
916 2523 942 2553 S.
960 2523 996 2553 H.
1013 2523 1189 2558 Butcher,
1213 2524 1322 2552 oxonii
1345 2524 1429 2561 1903,
1449 2533 1477 2561 p.
1495 2525 1509 2553 1
1523 2534 1564 2561 sq.
