1848 2929
893 202 939 237 28

240 317 532 366 Δημοσθένης
568 317 868 366 ἀποθνήσκειν
901 317 1064 364 οἷξιοῖῑ)
1102 318 1281 363 inscripta
1311 318 1496 354 Herodoto
1531 319 1591 354 de-

237 379 377 412 bentur.
422 377 604 421 Scriptum
632 377 836 412 invenimus
863 377 902 412 in
928 388 1011 422 pag.
1032 377 1114 421 242,
1131 377 1177 412 25
1192 386 1285 420 sqq.:
1313 378 1442 412 τοῦτον
1467 375 1592 422 μέντοι

236 434 299 472 τὸν
325 436 440 484 δῆμον
468 435 560 482 (scil.
580 437 652 472 τῶν
669 434 897 484 Ἀθηναίων)
926 457 970 461 -
991 457 1035 461 -
1056 458 1101 461 -
1129 433 1195 480 οὐχ
1222 434 1243 484 ἡ
1268 433 1389 472 πάντα
1413 434 1591 484 κινήσασα

236 497 302 530 τοῦ
328 494 519 542 βαρβάρου
547 493 699 542 στρατιά
724 495 784 530 καὶ
809 493 1018 539 πεζεύσασα
1043 495 1109 539 μὲν
1128 493 1190 530 διὰ
1216 496 1289 542 γῆς,
1316 492 1525 537 πεζεύσασα
1552 494 1591 531 δὲ

238 551 302 590 διά
328 552 526 600 θαλάττης,
563 551 604 600 ἣν
635 551 772 600 ἔδησεν,
808 552 1012 599 ἐκβαλοῦσα
1046 553 1086 589 δὲ
1117 553 1178 589 καὶ
1204 550 1346 593 πόλεως
1378 553 1439 589 καὶ
1470 551 1592 600 χώρας

236 610 322 653 τούς
352 610 578 658 ’Λθῃναίους
611 612 672 647 καὶ
705 614 771 647 τοῦ
803 612 916 660 μηδὲν
951 609 1100 655 ἀνάξιον
1133 610 1329 656 ὑπομεῖναι
1363 612 1427 658 τῆς
1462 609 1588 658 δόξης·

236 671 298 706 καὶ
331 671 447 705 ταῦτα
481 668 549 718 ᾔδη
583 670 701 710 καλῶς
737 669 756 705 ὁ
790 669 922 706 τούτου
955 670 1047 715 (scil.
1081 671 1147 706 τοῦ
1175 669 1381 713 Φιλίππου)
1414 668 1593 717 πρόγονος

237 727 494 777 ’Λλέξανδρος,
523 727 563 771 ὃς
585 730 760 765 τοσοῦτον
786 727 925 774 οἶπέσχε
951 731 1016 765 τοῦ
1041 731 1167 776 λαβεῖν
1192 743 1228 765 τι
1246 726 1333 777 παρ’
1358 727 1471 774 ὑμῶν,
1497 726 1592 765 ὥστε

237 787 359 835 φέρων
397 786 464 828 τοῖς
501 787 660 834 μεγάλας
698 787 879 834 βασιλέως
919 787 1059 835 δωρεὰς
1096 787 1203 832 μόλις
1242 787 1406 831 ἐσώζετο.
1458 787 1591 824 Verbis

237 845 446 890 πεζεύσασα
473 846 513 883 δὲ
540 845 601 884 διὰ
628 845 817 894 θαλάττης
843 847 1029 892 significat
1055 847 1139 882 illos
1165 849 1304 891 pontes,
1332 857 1421 890 quos
1447 846 1590 882 Xerxes

236 905 274 940 in
301 905 537 949 Hellesponto
576 905 676 950 fecit,
714 916 864 949 quorum
900 905 1108 941 memoriam
1140 904 1336 940 Libanium
1373 904 1445 940 iam
1480 914 1591 949 supra

236 964 373 999 duobus
399 964 490 999 locis
503 963 529 1009 ²)
556 964 713 1000 vidimus
739 964 965 1008 repetivisse.
1018 963 1068 998 Et
1094 974 1173 999 cum
1200 963 1290 998 dicit
1315 961 1519 1010 θαλάττης,
1547 960 1589 1010 ἣν

236 1019 374 1069 ἔδησεν,
402 1022 439 1057 in
466 1021 587 1058 animo
614 1023 733 1067 habet,
762 1032 853 1066 quae
883 1025 1079 1058 narrantur
1106 1022 1202 1067 apud
1227 1021 1313 1057 Her.
1332 1021 1405 1059 VII
1423 1021 1469 1057 35
1495 1021 1589 1057 Xer-

235 1091 317 1116 xem
345 1081 515 1125 pontibus
542 1081 604 1124 qui
631 1083 676 1116 ab
704 1081 784 1125 ipso
813 1081 904 1117 facti
931 1085 1035 1116 erant
1061 1081 1099 1117 vi
1125 1080 1235 1116 maris
1262 1080 1428 1116 rescissis
1455 1080 1587 1115 iratum

235 1142 383 1174 catenas
411 1139 448 1174 in
475 1139 752 1183 Hellespontum
779 1139 921 1175 demitti
947 1139 1107 1175 iussisse.
1144 1139 1267 1174 Etiam
1293 1138 1539 1174 Alexandrum
1565 1149 1587 1174 a

235 1209 321 1243 rege
338 1198 532 1234 Persarum
552 1199 598 1234 ad
616 1198 857 1235 Athenienses
875 1198 1034 1243 missum,
1063 1208 1167 1242 quem
1184 1198 1252 1235 hoc
1270 1198 1349 1234 loco
1367 1198 1491 1234 rhetor
1508 1197 1587 1234 sine

236 1257 344 1293 dubio
371 1257 568 1302 significat,
596 1257 840 1301 compluribus
862 1258 953 1293 locis
981 1258 1076 1302 apud
1093 1257 1289 1293 Libanium
1316 1257 1587 1293 commemorari

235 1316 309 1350 iam
336 1326 448 1359 supra
474 1314 754 1362 cognovimus³).
808 1315 878 1351 Sed
904 1316 998 1359 quod
1025 1315 1166 1360 profert
1191 1313 1314 1363 φέρων
1338 1313 1404 1356 τοῖς
1428 1313 1587 1361 μεγάλας

230 1373 415 1420 βασιλέως
443 1372 582 1423 δωρεάς
607 1372 713 1420 μόλις
739 1373 904 1419 ἐσώζετο,
932 1375 998 1411 hoc
1016 1378 1135 1410 utrum
1163 1375 1209 1410 ad
1226 1375 1448 1411 Herodotum
1475 1385 1521 1410 an
1540 1375 1586 1410 ad

237 1434 348 1470 alium
368 1433 505 1469 fontem
532 1433 762 1469 referendum
787 1434 846 1477 sit,
875 1434 1015 1478 nescio;
1042 1444 1125 1469 nam
1151 1434 1247 1478 apud
1264 1433 1586 1469 Halicarnasseum

236 1492 477 1529 Athenienses
511 1492 720 1529 Alexandro
756 1493 975 1538 respondent
1011 1492 1102 1530 VIII
1130 1492 1217 1528 143:
1263 1491 1307 1528 σύ
1340 1505 1379 1528 τε
1414 1493 1480 1528 τοῦ
1513 1492 1588 1528 λοι-

235 1553 309 1586 ποῦ
342 1551 470 1596 λόγους
500 1550 591 1595 ἔχων
621 1550 788 1588 τοιούσδε
821 1550 871 1599 μὴ
906 1551 1101 1599 ἐπιφαίνεο
1128 1550 1370 1598 ’Λθηναίοισι
1404 1551 1497 1597 μηδὲ
1528 1554 1587 1588 δο-

234 1609 324 1646 κέων
355 1608 494 1658 χρηστὰ
527 1608 742 1657 ὑπουργέειν
774 1608 963 1654 α’ῧέμιστα
997 1608 1116 1657 ἔρδειν
1143 1609 1336 1658 παραίνεε·
1372 1607 1415 1645 οὐ
1447 1607 1514 1657 γάρ
1548 1622 1588 1645 σε

234 1668 448 1714 βουλόμεθα
475 1667 581 1706 οὐδὲν
608 1667 720 1716 ἄχαρι
746 1667 839 1716 πρὸς
856 1667 1072 1716 Ἀθηναίων
1099 1671 1238 1704 παθεῖν
1264 1666 1369 1703 ἐόντα
1395 1666 1588 1715 πρόξεινόν

233 1741 273 1764 τε
293 1727 353 1764 καὶ
372 1726 490 1776 φίλον.
529 1727 616 1773 (Sed
641 1727 868 1774 Lycurgus
894 1728 1018 1763 rhetor
1037 1728 1079 1763 de
1099 1726 1381 1763 Atheniensibus
1399 1726 1588 1771 praedicat

235 1786 375 1833 [Leocr.
404 1787 424 1832 ξ
453 1786 531 1833 71]:
576 1785 671 1822 οὕτω
705 1788 791 1832 γοῦν
825 1785 976 1834 ἐφίλουν
1009 1784 1073 1834 τὴν
1108 1785 1271 1833 πατρίδα
1305 1784 1455 1827 πάντες,
1495 1783 1587 1822 ιῖίστε

233 1843 296 1880 τόν
334 1843 437 1893 παρὰ
472 1843 612 1893 Ξέρξου
650 1843 877 1894 πρεσβευτήν
910 1843 1157 1894 Ἀλέξανδρον
1195 1843 1302 1893 φίλον
1336 1842 1422 1881 ὄντα
1461 1842 1587 1885 αὐτοῖς

235 1902 423 1952 πρότερον,
452 1903 509 1941 ὅτι
535 1906 598 1952 γῆν
624 1918 663 1940 τε
689 1904 748 1940 καὶ
767 1903 867 1952 ὕδωρ
893 1902 1014 1952 ᾔτησε,
1041 1905 1174 1951 μικροῦ
1201 1906 1276 1941 δεῖν
1302 1903 1545 1950 κατέλευσαν.)
1557 1903 1584 1950 ⁴)

333 1963 376 1998 In
411 1963 674 1999 declamatione
709 1962 914 2011 ἐξῄτησεν
948 1962 966 1999 ὁ
997 1964 1220 2004 Φίλιππος
1253 1961 1326 1998 τὸν
1356 1961 1585 2010 Δημοσθέ-

235 2020 345 2068 νηνῧ)
377 2021 450 2057 κτλ.
486 2021 665 2066 inscripta
692 2022 795 2068 (decl.
824 2022 936 2057 XXII
963 2023 983 2067 ξ
1011 2021 1071 2068 29)
1104 2021 1282 2057 Libanius
1308 2021 1585 2057 Demosthenem

232 2091 292 2116 res
331 2091 353 2115 a
392 2079 592 2115 maioribus
630 2081 721 2115 bene
761 2083 884 2125 gestas
923 2080 1092 2116 laudibus
1131 2080 1339 2116 efferentem
1379 2079 1471 2115 facit
1508 2080 1584 2115 his:

233 2140 362 2173 τοῦτο
388 2138 467 2183 μὲν
493 2136 555 2172 τὸν
584 2137 676 2185 ὑπὲρ
702 2139 774 2173 τῶν
799 2137 1042 2184 Ἡρακλειδῶν
1067 2136 1159 2185 πρὸς
1186 2137 1466 2185 Πελοπόννησον
1492 2138 1584 2184 (scil.

334 2256 354 2292 ¹)
378 2256 444 2285 Vol.
467 2255 510 2285 IV
533 2255 689 2284 240—253
705 2255 730 2283 R
753 2268 788 2278 =
811 2255 868 2284 vol.
893 2255 935 2283 VI
957 2255 1111 2283 266--289
1126 2255 1158 2283 F.

332 2306 354 2342 2)
378 2304 453 2333 Vide
474 2313 544 2342 pag.
562 2304 598 2333 14
621 2308 651 2333 et
675 2304 719 2334 16.

331 2353 354 2390 ³)
378 2353 454 2382 Vide
474 2362 543 2391 pag.
560 2354 598 2382 24
612 2362 653 2389 sq.

331 2403 354 2434 ¹)
376 2403 459 2431 Haec
480 2402 553 2431 mihi
567 2402 709 2431 videntur
731 2402 878 2439 originem
900 2401 1008 2430 ducere
1029 2410 1064 2430 ex
1080 2402 1149 2432 Her.
1165 2403 1209 2431 lX
1230 2403 1257 2439 5,
1280 2402 1315 2431 de
1329 2411 1387 2438 quo
1410 2402 1474 2431 loco
1495 2402 1584 2439 paulo

233 2460 324 2488 supra
345 2452 425 2490 (pag.
441 2452 491 2489 25)
513 2452 651 2482 diximus.

332 2501 354 2537 ⁶)
375 2501 442 2531 Vol.
465 2501 507 2530 IV
529 2501 685 2531 253-279
707 2501 733 2530 R
756 2513 792 2525 =
815 2500 873 2530 vol.
892 2500 932 2530 VI
953 2509 980 2538 p.
996 2500 1160 2532 346-369.
