1848 2929
955 223 1003 259 92

404 339 594 385 πόλεμος
621 338 785 380 συστάς
811 341 949 385 (bellum
976 339 1153 387 coortum).
1185 340 1365 376 Libanius
1392 340 1515 376 dicens
1540 339 1579 375 in
1605 351 1656 376 or.

306 399 395 434 LIX
421 399 486 434 59:
522 399 667 435 πολλῶν
694 397 772 447 γὰρ,
799 394 915 444 οἶμαι,
948 397 1147 445 πολέμων
1173 397 1295 445 ἐκείνῳ
1323 397 1569 435 συστάντων
1602 409 1658 435 se-

306 458 430 502 quitur
468 459 691 494 Herodotum
729 458 801 495 VII
830 459 919 493 144:
964 452 1070 500 οὗτος
1108 455 1175 506 γάρ
1215 457 1234 493 ὁ
1272 456 1462 503 πόλεμος
1500 455 1660 499 συστάς

306 515 421 553 ἔσωσε
447 515 485 558 ἐς
509 514 550 553 τὸ
575 515 656 552 τότε
682 514 747 564 τήν
770 515 923 553 Ἑλλάδα
936 516 972 563 1).

406 573 483 611 *τὸ
518 573 655 620 στόμα
688 576 765 611 τοῦ
799 573 980 612 Πόντου.
1033 576 1134 623 Quae
1165 576 1335 622 leguntur
1366 575 1405 612 in
1430 575 1580 611 Libanii
1606 586 1657 612 or.

306 635 383 670 XII
401 635 463 670 70:
492 633 565 670 ἐπὶ
591 636 649 680 τῷ
675 633 859 679 στόματι
886 637 962 670 τοῦ
981 634 1153 670 Πόντου
1177 633 1271 683 πρὸς
1292 636 1345 681 τῷ
1361 632 1542 681 Βοσπόρῳ
1568 637 1659 670 καθ-

310 691 447 741 ήμενος,
481 693 571 728 haec
598 696 682 728 sunt
707 693 902 729 referenda
936 694 983 729 ad
1007 693 1095 729 Her.
1123 693 1175 730 IV
1193 694 1251 738 85,
1287 693 1350 729 ubi
1383 692 1559 738 scriptum
1585 695 1657 728 est:

306 750 438 788 τούτου
462 753 529 788 τοῦ
554 751 729 798 πελάγεος
760 752 859 799 (scil.
887 753 964 788 τοῦ
989 750 1179 795 Πόντου)
1211 751 1258 788 τὸ
1285 751 1422 797 στόμα
1449 751 1527 788 ἐστὶ
1552 746 1660 798 εὖρος

305 811 473 858 τέσσερες
499 810 653 851 στάδιοι,
680 812 793 859 μῆκος
820 810 860 848 δὲ
884 813 950 847 τοῦ
976 809 1167 856 στόματος,
1200 810 1219 846 ὁ
1246 809 1370 859 αὐχήν,
1402 809 1448 846 τὸ
1475 809 1524 858 δὴ
1550 808 1660 846 Βόσ-

308 882 444 918 πορος
479 868 698 918 κέκληται,
738 868 816 906 κατ’
843 867 863 906 ὃ
895 868 940 918 δὴ
974 868 1119 914 ἐζευκτο
1157 869 1352 919 ἡγέφυρα,
1390 868 1452 907 ἐπὶ
1488 869 1661 910 σταδίους

306 930 419 965 εἴκοσι
453 929 513 965 καὶ
544 927 673 964 ἑκατόν
703 928 799 972 ἐστι;
843 940 926 964 nam
960 940 1052 972 quae
1086 930 1182 973 apud
1207 929 1430 964 Herodotum
1464 928 1502 963 in
1537 928 1659 963 eodem

306 988 428 1032 capite
454 988 497 1023 de
525 988 645 1023 Dareo
672 991 870 1023 narrantur
903 985 1072 1032 ἑζόμενος
1098 987 1137 1024 δὲ
1163 986 1226 1024 ἐπὶ
1252 988 1303 1033 τῷ
1329 985 1398 1035 ἱρῷ
1424 985 1573 1035 ἐθηεῖτο
1598 984 1660 1022 τόν

306 1046 450 1083 Πόντον
485 1045 591 1083 ἐόντα
625 1044 860 1094 ἀξιοθέητον,
907 1057 950 1082 ea
983 1047 1132 1082 Libanii
1167 1048 1277 1082 verbo
1313 1045 1518 1093 καθήμενος
1555 1056 1659 1081 revo-

307 1110 447 1142 cantur.
500 1106 638 1141 Eadem
676 1105 811 1141 locutio
846 1109 968 1141 exstat
1001 1106 1087 1141 Her.
1117 1105 1168 1142 IV
1195 1106 1260 1141 81:
1301 1103 1471 1153 χαλκήϊον
1505 1102 1663 1150 μεγάθεϊ

305 1166 367 1202 καὶ
393 1162 616 1213 ἑξαπλήσιον
641 1165 708 1200 τοῦ
733 1163 806 1200 ἐπὶ
838 1163 1021 1210 στόματι
1052 1166 1127 1201 τοῦ
1153 1162 1324 1201 Πόντου
1348 1164 1526 1212 κρητῆρος
1560 1166 1596 1199 et
1620 1163 1660 1199 in

306 1224 388 1260 Lib.
409 1236 463 1269 ep.
486 1225 574 1259 127:
603 1224 824 1261 διαπλεῦσαι
850 1225 928 1259 τοῦ
954 1222 1126 1259 Πόντου
1151 1222 1198 1259 τὸ
1225 1222 1373 1269 στόμα.
1425 1223 1482 1258 Ad
1509 1223 1658 1258 eundem

306 1283 408 1318 illum
441 1284 559 1319 locum
594 1284 680 1318 Her.
708 1283 761 1318 IV
780 1283 826 1318 85
861 1278 1028 1327 spectant
1061 1283 1212 1318 Libanii
1246 1284 1359 1318 verba
1394 1282 1434 1317 in
1468 1292 1518 1318 or.
1546 1282 1565 1317 I
1591 1282 1657 1318 30:

307 1340 500 1387 διαβάντες
535 1341 575 1378 δὲ
610 1343 686 1376 τοῦ
723 1340 896 1376 Πόντου
930 1339 1004 1377 τὸν
1040 1339 1208 1384 αὐχένα.
1261 1341 1316 1376 Of.
1351 1341 1453 1376 Xen.
1481 1342 1586 1376 anab.
1605 1340 1658 1377 VI

306 1401 341 1445 4,
363 1401 401 1436 1:
429 1397 505 1437 ἀπὸ
530 1401 595 1436 τοῦ
622 1398 838 1445 στόματος
864 1397 1148 1436 τοῦψΠόντου.

405 1458 610 1507 *ῥάβδων
636 1457 830 1507 φάκελοι.
883 1459 1017 1495 Dicens
1050 1460 1089 1495 in
1115 1470 1165 1495 or.
1193 1459 1299 1496 LVII
1327 1460 1389 1495 15:
1425 1457 1593 1507 ῥάβδων
1619 1457 1658 1496 δὲ

305 1517 370 1554 ἐπὶ
403 1520 466 1567 γῆς
498 1517 663 1566 ἑωρῶντο
696 1516 904 1566 φάκελλοι
937 1518 1115 1554 Libanius
1148 1517 1301 1562 respicit
1334 1519 1380 1553 ad
1412 1518 1498 1553 Her.
1523 1518 1576 1555 IV
1593 1518 1656 1553 67:

305 1575 417 1614 ἐπεάν
450 1576 666 1626 φακέλους
700 1576 873 1624 ῥάβδων
905 1576 1086 1623 μεγάλους
1119 1576 1343 1618 ἐνείκωνται,
1380 1575 1510 1618 θέντες
1543 1578 1657 1621 χαμαὶ

305 1635 589 1680 διεξειλίσσουσι
628 1634 772 1677 αὐτούς,
809 1646 879 1679 quo
915 1636 994 1671 loco
1029 1637 1140 1671 verbo
1176 1636 1292 1680 χαμαὶ
1329 1636 1426 1680 apud
1461 1635 1657 1671 Libanium

303 1695 500 1740 respondet
525 1693 587 1730 ἐπὶ
614 1695 688 1742 γῆς.

403 1751 539 1794 *συός
571 1755 723 1801 χρῆμα.
795 1754 974 1790 Herodoti
1013 1755 1126 1790 verba
1171 1754 1190 1789 I
1216 1754 1281 1789 36:
1325 1752 1363 1789 ἐν
1397 1752 1437 1790 δὲ
1467 1754 1519 1800 τῷ
1555 1752 1658 1799 αὐτῷ

304 1811 422 1860 χρόνῳ
456 1810 573 1858 τούτῳ
601 1810 638 1848 ἐν
662 1814 713 1858 τῷ
740 1813 878 1858 Μυσίῳ
905 1811 1073 1858 Ὀλύμπῳ
1110 1810 1184 1853 ὑὸς
1216 1813 1356 1860 χρῆμα
1382 1811 1518 1858 γίνεται
1548 1811 1656 1858 μέγα

303 1874 524 1907 revocantur
550 1881 572 1906 a
594 1870 751 1906 Libanio
778 1871 817 1906 in
843 1882 894 1906 or.
913 1871 945 1908 V
964 1872 1029 1906 39:
1062 1869 1152 1918 ἁνήρ
1178 1882 1236 1911 τις
1263 1870 1350 1918 περὶ
1374 1869 1530 1907 Ἰταλίαν
1556 1868 1657 1911 συὸς

304 1931 445 1977 χρῆμα
487 1928 693 1975 μέγιστον
735 1928 843 1973 ἑλών;
896 1941 979 1965 nam
1018 1929 1196 1965 Herodoti
1239 1929 1458 1966 adiectivum
1500 1929 1592 1975 μέγα
1634 1941 1657 1966 a

304 1988 463 2024 Libanio
489 1987 669 2032 repetitur
694 1988 919 2032 superlativo
946 1987 1126 2034 μέγιστον.

404 2045 477 2094 τῆν
503 2049 627 2093 χεῖρα
654 2045 703 2081 οὐ
727 2046 935 2092 καθαρός.
979 2047 1129 2082 Libanii
1146 2049 1259 2083 verba
1284 2047 1323 2081 in
1350 2058 1400 2082 or.
1419 2048 1550 2084 XVIII
1568 2048 1655 2083 295:

306 2105 444 2142 Λυδῶν
469 2103 537 2150 μὲν
561 2104 728 2151 βασιλεῖς
754 2125 800 2130 -
828 2103 972 2152 σπέρμα
992 2103 1112 2150 Γύγου
1138 2103 1211 2152 τὴν
1236 2107 1360 2153 χεῖρα
1385 2103 1433 2141 οὐ
1458 2106 1658 2154 καθαροῦ

304 2164 377 2200 κτλ.
421 2165 468 2199 ad
506 2164 729 2200 Herodotum
772 2163 965 2199 referenda
1008 2174 1086 2199 esse
1128 2174 1239 2209 supra
1281 2165 1605 2201 demonstravimus
1617 2164 1655 2212 ²³).

406 2282 426 2319 ¹)
449 2281 531 2311 Haec
552 2281 645 2310 etiam
660 2281 846 2310 Arrianus
867 2280 988 2310 videtur
1008 2281 1147 2310 imitatus
1168 2289 1234 2311 esse
1255 2281 1269 2310 I
1289 2281 1338 2319 29,
1352 2281 1386 2311 6:
1409 2282 1451 2311 ἔτι
1472 2281 1656 2312 συνεστῶ-

305 2341 364 2363 τος
389 2330 453 2359 τοῦ
481 2329 557 2368 πρὸς
582 2329 635 2360 τὸν
656 2333 780 2367 Πέρσην
806 2331 980 2367 πολέμου.
1022 2330 1262 2366 Thucydides
1290 2339 1351 2359 non
1372 2331 1573 2366 participium,
1604 2331 1656 2359 sed

304 2378 504 2407 indicativum
519 2379 603 2407 verbi
624 2380 824 2411 ξυνίστασθαι
848 2377 970 2406 adhibet
991 2377 1006 2406 1
1023 2378 1067 2415 15,
1084 2379 1117 2407 2:
1138 2376 1213 2407 κατὰ
1234 2377 1293 2417 γῆν
1307 2379 1338 2408 δὲ
1361 2377 1492 2417 πόλεμος
1506 2395 1541 2399 -
1558 2377 1657 2411 οὗδεὶς

306 2429 439 2465 ξυνέστη.
468 2427 545 2458 Vide
565 2427 678 2465 Renz,
700 2427 851 2457 Arrianus
865 2430 1015 2463 quatenus
1030 2427 1238 2465 Xenophontis
1259 2428 1396 2458 imitator
1411 2429 1461 2465 sit,
1483 2428 1554 2458 diss.
1569 2428 1656 2457 Rost.

308 2477 392 2514 1879,
419 2477 558 2508 corollar.
581 2480 613 2506 et
633 2477 772 2514 Meyer,
794 2477 839 2505 De
861 2477 991 2506 Arriano
1012 2477 1209 2514 Thucydidio,
1231 2477 1301 2507 diss.
1317 2477 1403 2507 Rost.
1420 2477 1504 2514 1877,
1526 2486 1553 2514 p.
1571 2478 1616 2506 19.

405 2526 428 2563 ²)
449 2526 527 2557 Vide
547 2535 616 2565 pag.
638 2526 685 2556 30.
