1848 2929
852 205 898 242 79

302 318 437 361 πολύς
473 315 518 367 ἦν
561 331 647 355 curn
690 322 929 367 participio
968 322 1216 367 praesentis
1260 322 1544 357 coniunctum.

204 380 307 425 Quod
332 380 537 415 Herodotus
563 390 628 424 pro
655 380 866 425 imperfecto
892 382 995 418 verbi
1028 383 1165 419 duobus
1191 381 1282 419 locis
1308 381 1412 426 ponit
1437 391 1546 426 copu-

203 438 276 473 lam
317 432 358 484 ἦν
397 448 475 472 cum
518 438 697 474 adiectivo
736 438 869 479 πολλὸς
911 444 946 475 et
987 440 1183 484 participio
1218 439 1422 484 praesentis
1462 450 1547 477 con-

202 494 469 541 iunctam‚idem
496 495 604 532 etiam
629 496 806 533 Libanius
832 508 1084 543 nonnunquam
1110 497 1259 535 adhibet
1271 496 1315 545 l);
1343 508 1427 534 nam
1453 508 1545 542 quae

202 555 356 600 legimus
389 556 484 599 apud
518 556 604 591 Her.
632 557 650 591 I
676 558 740 592 98:
785 556 804 593 ὁ
838 556 998 605 Δηιόκης
1032 553 1078 605 ἢν
1111 556 1270 598 πολλὸς
1302 556 1375 592 ὑπὸ
1410 556 1546 598 παντός

202 611 336 661 ἀνδρὸς
361 613 421 648 καὶ
447 613 799 661 προβαλλόμενος
824 616 883 651 καὶ
908 614 1160 661 αἰνεόμενος
1185 619 1237 659 (=
1262 614 1360 661 μάλα
1386 636 1426 641 —-
1453 629 1544 664 προ-

201 671 370 719 εβάλλετο
412 673 473 710 καὶ
514 671 649 723 ᾖνέετο)
701 678 736 711 et
784 675 840 711 IX
870 676 934 711 91:
987 674 1145 718 πολλὸς
1196 671 1242 724 ἧν
1292 674 1545 722 λισσόμενος

202 731 221 767 ὁ
248 734 364 777 ξεῖνος
389 731 409 768 ὁ
434 731 571 778 Σάμιος
601 737 654 775 (=
680 732 779 779 μάλα
805 755 850 759 -
877 733 1070 778 ἐλίσσετο),
1104 736 1192 771 haec
1222 736 1347 770 rhetor
1378 735 1544 771 imitatur

201 790 240 825 in
273 801 323 826 or.
351 791 474 829 XLVI
499 792 563 827 34:
601 786 706 834 οὗτος
737 814 775 818 -
803 792 939 834 πολὺς
970 792 1013 829 ἂν
1048 789 1093 841 ἦν
1128 792 1235 841 ῥέων
1267 792 1359 830 κατὰ
1390 796 1456 829 τοῦ
1486 807 1542 829 τε-

201 851 393 891 θνεῶτος
438 854 474 886 et
511 851 549 886 in
586 852 674 887 decl.
706 852 782 887 XII
815 853 835 897 ἓ
858 853 923 888 46;
970 851 1032 889 τόν
1074 851 1268 901 Σωκράτην
1313 851 1449 894 wolffg
1494 848 1542 901 ἦν

200 907 357 951 χλεύαζ
363 922 426 944 ων.
469 909 613 944 Similia
630 911 725 954 apud
751 913 889 945 ceteros
914 921 985 945 non
1003 914 1149 945 exstant
1172 911 1245 946 nisi
1271 912 1367 955 apud
1391 911 1539 956 Polyb.

199 966 290 1004 XVI
314 967 347 1012 6,
366 967 388 1002 9
423 965 551 1014 (πολύς
577 962 618 1016 ἦν
644 968 908 1017 συναθροίζων)
948 972 984 1006 et
1016 969 1192 1014 Dionys.
1219 970 1313 1005 Hal.
1338 973 1410 1006 ant.
1437 970 1538 1006 Rom.

199 1027 271 1063 VII
296 1027 357 1071 54,
374 1028 398 1076 6μ
422 1025 550 1069 (πολύς
578 1023 617 1075 ἦν
644 1027 804 1064 ἐνταῦθα
829 1027 1123 1076 ὀλοφυρόμενος).

298 1083 524 1132 *α’ποχρᾶν
557 1096 646 1120 cum
680 1086 828 1121 dativo
862 1097 1074 1130 personae
1105 1090 1146 1121 et
1177 1087 1410 1132 participii
1440 1098 1539 1123 con-

200 1143 398 1179 iunctum.
450 1144 530 1180 Hoc
554 1145 714 1189 verbum⁷
747 1155 827 1180 cum
860 1145 971 1180 ceteri
1004 1144 1221 1182 infinitivum
1255 1145 1289 1181 ei
1322 1145 1539 1192 subiungere

199 1202 355 1246 soleant,
389 1203 594 1238 Herodotus
614 1206 657 1251 et
681 1203 856 1238 Libanius
893 1214 971 1238 eum
1005 1207 1148 1238 secutus
1180 1215 1259 1238 cum
1290 1205 1424 1240 dativis
1457 1216 1538 1248 per—

199 1258 314 1310 sonae
335 1263 371 1295 et
396 1260 585 1305 participii
611 1260 688 1296 eius
713 1260 817 1299 verbi
843 1264 1063 1306 construunt,
1096 1262 1189 1305 quod
1215 1272 1237 1297 a
1262 1261 1392 1298 ceteris
1418 1262 1539 1298 infini-

198 1319 268 1355 tivi
302 1319 421 1355 forma
447 1310 612 1364 ponitur3
647 1320 808 1364 loquitur
841 1321 935 1356 enim
962 1321 1167 1356 Herodotus
1192 1321 1265 1357 VII
1293 1322 1377 1357 148:
1414 1322 1539 1370 σφίσι

198 1376 395 1426 ἀποχρᾶν
428 1377 521 1414 κατὰ
551 1376 592 1414 τὸ
629 1377 742 1426 ἥμισυ
779 1377 1051 1426 ἡγεομένοισι
1086 1383 1121 1414 et
1149 1379 1326 1415 Libanius
1356 1380 1538 1416 simillime

199 1437 237 1473 in
272 1437 361 1474 decl.
389 1438 433 1475 V·
449 1438 513 1474 62:
549 1436 651 1483 ὑμῖν
676 1435 1066 1485 οἷπολαμβάνουσιν
1101 1436 1174 1474 οὐκ
1206 1436 1254 1475 ἂν
1284 1436 1537 1488 ἀπέχρησεν.

197 1496 360 1531 Eandem
396 1500 615 1532 structuram
655 1498 765 1532 semel
808 1497 956 1532 adhibet
991 1497 1232 1542 Aeschylus
1269 1499 1394 1542 Agam.
1426 1500 1535 1533 1574:

197 1553 368 1591 Κτεάνων
393 1568 433 1591 τε
454 1554 568 1604 μέρος
592 1553 699 1601 βαιὸν
725 1554 856 1603 ἐχούσῃ
882 1555 955 1592 πᾶν
980 1553 1125 1604 ἀπόχρη
1149 1567 1224 1601 μοι.
1252 1576 1297 1580 -

556 1672 681 1719 Caput
706 1673 781 1709 lv:
815 1672 873 1709 De
898 1673 1183 1710 locutionibus.

294 1742 455 1777 Primum
483 1752 633 1786 agamus
659 1743 703 1777 de
730 1742 782 1777 eis
808 1742 1060 1786 locutionibus,
1088 1752 1179 1785 quae
1205 1742 1325 1777 verbis
1352 1742 1536 1778 continen-

196 1804 266 1844 tur,
295 1800 423 1835 deinde
457 1800 501 1835 de
535 1800 603 1844 eis,
638 1810 730 1843 quae
756 1800 962 1836 nominibus
989 1800 1085 1836 inter
1110 1811 1188 1835 sese
1222 1800 1421 1836 coniunctis
1443 1811 1535 1836 con-

197 1861 306 1904 stant,
342 1858 495 1903 denique
526 1859 569 1894 de
601 1858 762 1904 vocibus,
799 1869 890 1903 quae
924 1870 947 1895 a
979 1859 1309 1904 praepositionibus
1342 1870 1536 1904 suspensae

194 1917 449 1953 adverbiorum
474 1917 553 1952 loco
580 1917 807 1952 adhibentur.

322 2026 364 2061 A.
400 2026 459 2062 De
485 2025 782 2062 locutionibus
807 2036 915 2070 quae
940 2027 1087 2063 verbis
1114 2027 1398 2063 continentur.

293 2092 396 2130 κακὰ
433 2092 765 2140 α’ναβλαστάνει.
829 2094 929 2140 Quae
967 2095 1173 2131 Herodotus
1210 2098 1336 2130 narrat
1372 2095 1404 2130 V
1426 2095 1531 2131 9215:

193 2152 268 2188 ἔδει
302 2153 342 2188 δὲ
372 2152 410 2188 ἐκ
440 2153 506 2188 τοῦ
529 2151 721 2192 Ἠετίωνος
752 2151 857 2199 γόνου
883 2154 1060 2201 Κορίνθῳ
1094 2151 1198 2189 κακὰ
1229 2151 1531 2198 ἀναβλαστεῖν,

192 2212 280 2247 haec
323 2211 502 2247 Libanius
538 2210 721 2256 respicere
757 2212 846 2247 mihi
884 2212 1030 2248 videtur
1062 2212 1107 2247 in.
1146 2223 1195 2248 or.
1231 2211 1358 2248 XVIII
1383 2211 1448 2246 95:
1486 2209 1533 2255 τὰ

191 2269 299 2315 μόλις
341 2268 566 2317 ἐκτμηθέντα
610 2268 715 2306 κακά
757 2270 870 2307 πάλιν
922 2269 1271 2319 ἅναβλαστήσειν
1316 2268 1532 2317 ἡγουμένων.

191 2329 297 2374 Apud
323 2332 463 2365 ceteros
487 2329 580 2365 hanc
605 2329 821 2365 locutionem
847 2340 929 2366 non.
943 2330 1156 2366 invenimus.

194 2469 196 2471 .
290 2447 311 2484 ¹)
333 2447 422 2476 Hanc
448 2449 635 2476 structuram
656 2446 803 2476 Herodoti
822 2448 975 2484 propriam
1004 2455 1070 2477 esse
1095 2448 1153 2476 iam
1175 2445 1346 2474 Kuehner
1374 2447 1535 2477 contendit

190 2495 241 2525 Gr.
257 2495 307 2525 Gr.
329 2495 361 2525 II
381 2496 400 2525 2
425 2505 452 2533 p.
467 2495 520 2533 58;
548 2496 616 2525 vide
636 2496 728 2525 etiam
750 2496 892 2526 Schmid
919 2496 938 2527 l.
954 2506 977 2526 c.
1000 2496 1119 2526 v01,111
1139 2505 1165 2532 p,
1183 2495 1246 2526 173.
