1848 2929
925 216 972 250 22

366 334 399 367 4.
441 332 605 375 Denique
646 332 756 367 etiam
799 332 834 366 in
875 343 918 368 ea
956 332 1235 376 declamatione,
1280 342 1371 375 quae
1411 333 1624 368 inscribitur

274 392 418 436 Τίμων
449 388 603 427 ἑαυτόν
634 389 947 438 προσαγγέλλει
977 391 1079 438 (decl.
1100 390 1189 437 XII)
1216 390 1390 427 nonnulla
1416 391 1623 428 Herodotea

271 451 516 487 inveniuntur.
570 450 678 487 Velut
714 449 751 485 in
789 450 808 495 ξ
837 451 883 485 38
921 450 1046 486 rhetor
1072 450 1258 486 Timonem
1285 454 1492 494 querentem
1520 451 1621 496 facit,

269 511 374 554 quod,
408 513 447 544 ut
473 509 658 544 Alcibiadi
684 519 796 553 puero
824 512 944 544 amato
970 509 1127 553 placeat,
1164 509 1294 544 debeat
1324 507 1368 544 τοὶ
1394 507 1505 554 σεμνοὶ
1531 513 1623 556 θρυ-

269 570 345 604 λεῖν
372 567 584 615 διηγήματα,
616 565 638 603 ἅ
664 566 790 615 κέρδος
824 562 863 614 ἧν
889 568 1050 604 σιωπᾶν·
1082 565 1168 609 τούς
1194 565 1526 614 Ἀλκμαιωνίδαςῑ),
1558 565 1623 615 τὴν

268 628 340 662 τῶν
366 625 548 674 τυράννων
573 626 769 662 κατάλυσιν
796 648 841 651 -
869 624 933 673 την
960 625 997 661 ἐν
1022 628 1199 670 Σαλαμῖνι
1225 626 1398 663 Κλεινίου
1423 626 1623 671 ναυμαχίαν

269 685 445 725 ἐπαινεῖν,
478 683 542 732 τήν
570 685 800 723 Ξανθίππου
826 682 927 731 παρα
954 682 1133 730 ΠΙυκάλην
1165 685 1383 731 στρατηγίαν
1409 683 1622 729 θαυμάζειν,

268 742 332 790 τὴν
358 742 577 790 Ἀγαρίστην
604 741 884 789 ἐκπλήττεσθαι.
938 742 1148 779 Alcibiades
1180 743 1278 779 filius
1310 746 1389 778 erat
1414 742 1556 778 Cliniae
1587 747 1623 778 et

268 802 533 845 Dinemachae,
569 801 668 836 filiae
700 801 878 845 Megaclis
909 801 1201 837 Alcmaeonidae.
1254 801 1382 844 Itaque
1413 791 1526 837 verba
1558 799 1623 848 τῆν

269 858 306 895 ἐν
348 859 527 904 Σαλαμῖνι
573 858 745 895 Κλεινίου
787 859 991 903 ναυμαχίαν
1033 860 1226 895 referenda
1268 863 1352 895 sunt
1394 860 1438 894 ad
1481 862 1622 903 patrem

271 918 493 963 Alcibiadis,
535 919 577 954 de
617 929 686 962 quo
725 918 880 963 legimus
919 919 1014 963 apud
1054 919 1274 954 Herodotum
1313 919 1405 955 VIII
1434 919 1498 954 17:
1553 921 1624 954 τῶν

270 977 310 1012 δὲ
335 976 507 1023 Ἑλλήνων
539 976 628 1012 κατοὶ
661 976 795 1024 ταύτην
826 975 889 1023 τήν
924 976 1058 1024 ἡμέρην
1090 975 1306 1023 ἠρίστευσαν
1337 975 1529 1023 Ἀθηναῖοι
1563 978 1622 1012 καὶ

271 1033 475 1082 Ἀθηναίων
501 1034 674 1082 Κλεινίης
704 1033 722 1070 ὁ
750 1033 1002 1080 Ἀλκιβιάδεω,
1034 1032 1073 1076 ὃς
1105 1034 1271 1083 δαπάνην
1303 1033 1442 1083 οἰκηίην
1468 1034 1623 1083 παρεχό-

269 1106 376 1138 μενος
407 1092 641 1140 ἐστρατεύετο
667 1092 823 1140 ἀνδράσι
859 1108 896 1129 τε
930 1094 1147 1140 διηκοσίοισι
1185 1094 1245 1129 καὶ
1273 1092 1392 1141 οἰκηίῃ
1419 1093 1499 1141 νηῒς
1539 1105 1622 1129 nam

270 1151 413 1187 etiamsi
440 1152 507 1187 hoc
532 1152 611 1187 loc-o
640 1153 682 1187 de
709 1152 847 1196 proelio
875 1153 921 1187 ad
950 1152 1185 1187 Artemisium
1211 1152 1501 1196 promunturium
1528 1163 1622 1187 com-

269 1210 379 1245 misso
414 1210 553 1254 agitur,
589 1214 711 1245 tamen
743 1210 936 1246 Foerstero
949 1210 975 1257 2)
1011 1211 1192 1246 assentior
1217 1210 1412 1246 Libanium
1446 1210 1510 1246 illo
1543 1211 1621 1246 loco

269 1268 479 1304 memoriam
506 1269 726 1304 destituisse.
780 1269 852 1315 (Ad
884 1270 1005 1305 eadem
1033 1269 1227 1305 referenda
1252 1272 1346 1314 sunt,
1379 1279 1470 1313 quae
1496 1270 1621 1314 legun-

270 1330 330 1362 tur
356 1327 393 1362 in
411 1327 562 1363 Libanii
588 1327 805 1372 Apologia
832 1328 1029 1363 Socratis
1056 1328 1144 1363 decl.
1165 1328 1183 1362 I
1209 1329 1229 1373 ἓ
1251 1328 1334 1363 137:
1364 1327 1534 1364 Κλεινίαν
1560 1329 1620 1364 καὶ

270 1384 390 1431 μάχας
424 1387 484 1423 καὶ
522 1385 689 1434 τελευτήν
723 1385 869 1430 ε”νδοξον
910 1386 1006 1434 [scil.
1036 1385 1269 1434 Ἀλκιβιάδης
1295 1385 1469 1434 (hobed).
1529 1388 1621 1423 Item

270 1447 385 1481 verba
423 1445 649 1484 Ξανθίππου
692 1444 794 1493 παρά
831 1444 1009 1493 Μυκάλην
1053 1445 1268 1493 στρατηγίαν
1314 1447 1360 1481 ad
1399 1446 1621 1482 Herodotum

270 1504 476 1539 revocanda
514 1507 616 1548 sunt,
663 1504 723 1547 qui
764 1504 854 1539 VIII
883 1504 949 1539 131
984 1504 1179 1539 memoriae
1218 1504 1332 1539 tradit
1370 1504 1627 1549 Xanthippum

270 1562 545 1598 Atheniensium
585 1563 695 1598 classi
730 1562 950 1607 praefuisse,
991 1573 1081 1606 quae
1118 1573 1197 1598 cum
1236 1563 1365 1598 ceteris
1400 1563 1620 1599 Graecorum

270 1621 426 1657 navibus
461 1622 507 1656 ad
543 1621 710 1666 Mycalen
745 1625 901 1656 montem
939 1622 1131 1657 Persarum
1169 1622 1319 1657 classem
1354 1621 1462 1665 vicit;
1511 1621 1619 1657 etiarn

269 1679 505 1723 Xanthippus
541 1691 586 1715 ex
619 1683 726 1723 gente
759 1680 1099 1715 Alcmaeonidarum
1135 1680 1215 1715 fuit.
1268 1681 1380 1715 Porro
1407 1678 1621 1727 Ἀγαρίστην

271 1747 350 1772 cum
372 1737 566 1773 Foerstero
593 1738 822 1773 scribendum
850 1741 905 1773 est
930 1748 995 1782 pro
1016 1738 1220 1786 ,Ιιαρίστην
1232 1738 1292 1784 2),“
1314 1739 1394 1774 Hoc
1420 1737 1515 1773 enim
1542 1737 1621 1773 loco

270 1796 449 1839 Libanius
466 1796 567 1832 illam
579 1797 775 1841 Agaristen
790 1797 987 1841 significat,
999 1797 1195 1833 Clisthenis
1210 1797 1458 1842 Sicyoniorum
1472 1796 1621 1842 tyranni

271 1855 402 1899 filiam,
443 1866 564 1900 quam,
605 1859 644 1891 ut
678 1856 833 1900 legimus
860 1857 956 1900 apud
987 1856 1073 1891 Her.
1093 1856 1145 1892 VI
1174 1857 1259 1901 126,
1304 1859 1409 1900 pater
1445 1854 1622 1903 ἠθέλησεν

269 1912 449 1961 ιΕλλήνων
475 1912 641 1950 ἁπάντων
673 1912 827 1963 ἐξευρών
853 1913 914 1951 τον
939 1913 1087 1963 ἄριστον
1123 1914 1239 1962 τούτῳ
1267 1917 1415 1962 γυναῖκα
1445 1916 1621 1962 προσθεῖ-

273 1985 328 2008 ναι
360 1976 395 2008 et
421 1974 614 2009 secundum
641 1974 790 2009 eundem
819 1974 869 2011 VI
896 1975 963 2010 130
990 1974 1147 2019 Megacli
1166 1974 1446 2010 Alcmaeonidae
1474 1983 1621 2009 uxorem

272 2031 390 2080 dedit;
431 2035 510 2066 erat
550 2035 669 2067 autem
710 2032 795 2068 avia
833 2033 1025 2076 Megaclis,
1066 2033 1127 2076 qui
1160 2033 1364 2068 Alcibiadis
1402 2043 1491 2068 avus
1531 2035 1620 2067 erat.

270 2089 466 2133 Postquam
493 2089 559 2125 has
586 2100 644 2125 res
667 2090 851 2126 Herodoto
879 2090 1003 2126 deberi
1030 2091 1365 2136 demonstravimus,
1392 2094 1515 2126 nostro
1543 2090 1620 2126 iure

271 2149 499 2192 suspicamur
531 2148 640 2184 etiam
668 2150 780 2184 verba
812 2147 897 2188 τοὺς
923 2147 1218 2193 Ἀλκμαιωνίδας,
1252 2147 1316 2196 τήν
1347 2150 1417 2184 τῶν
1442 2148 1621 2197 τυράννων

269 2205 465 2243 κατάλυσιν
492 2207 538 2242 ad
564 2207 787 2243 Herodotum
815 2207 1012 2252 pertinere,
1045 2208 1107 2251 qui
1134 2207 1287 2244 tradidit
1312 2209 1344 2245 V
1370 2208 1416 2243 62
1447 2208 1621 2244 Pisistra-

269 2266 366 2302 tidas
405 2267 450 2302 ab
492 2266 763 2302 Alcmaeonidis
803 2266 958 2301 Athenis
998 2267 1166 2311 expulsos
1206 2277 1293 2302 esse.
1354 2266 1622 2313 („Pisistratum

271 2330 462 2370 tyrannum
488 2327 629 2371 eiusque
645 2327 756 2372 filios,
785 2338 870 2371 qnos
898 2330 1133 2362 commemorat
1159 2327 1240 2362 decl.
1269 2326 1296 2361 Ι
1329 2324 1520 2376 [ἀπολογία
1546 2330 1622 2361 Em-

271 2382 438 2431 κράτους]
465 2385 490 2430 ἕ
517 2388 563 2419 54
591 2384 761 2432 ἐπῄνεσεν
787 2383 829 2421 ἂν
858 2386 1133 2432 Πεισίστρατον,
1161 2384 1369 2430 ἐθαύμασεν
1395 2383 1437 2420 ἂν
1462 2383 1620 2425 Ἱππίαν,

372 2482 392 2517 ¹)
414 2482 501 2512 (tons.
523 2482 636 2511 Isocr.
660 2491 701 2512 or.
717 2482 790 2512 XVI
813 2482 897 2520 (big.)
918 2483 936 2519 ς’
957 2482 994 2511 25
1007 2490 1068 2518 sqq.

371 2531 392 2568 2)
414 2530 491 2560 Mus.
507 2531 600 2560 Rhen.
623 2531 741 2560 xxxn
767 2540 794 2568 p.
810 2531 857 2561 89.
1054 2525 1058 2528 ’
