1848 2929
869 233 914 268 13

217 351 288 387 τῶν
314 350 352 386 ἐκ
369 350 539 398 Λαυρίου
564 349 756 399 χρημάτων
781 349 891 397 λόγοι,
919 349 967 387 δι’
990 344 1039 386 ὧν
1064 348 1215 390 ἔπεισας
1233 346 1455 395 Ἀθηναίους
1481 345 1565 382 α’ντὶ

219 410 285 445 τοῦ
309 407 487 455 νέμεσθαι
513 410 601 450 ναῦς
627 412 757 452 ποιεῖν,
783 408 803 446 ὁ
828 410 894 444 τοῦ
911 411 1124 457 Μαραθῶνι
1151 406 1332 456 τροπαίου
1358 406 1475 454 ζῆλος,
1502 405 1564 453 (5η-

218 466 341 514 μάτων
366 466 542 516 ἐξήγησις,
569 467 766 514 ναυμαχιάι
794 467 858 505 δύο
884 468 970 515 περὶ
991 466 1145 515 Εὔβοιαν
1163 466 1223 502 καὶ
1249 468 1357 507 νῖκαι,
1387 464 1565 513 ψήφισμα

218 527 423 572 μετοικίζον
453 526 506 569 εἷς
538 526 602 575 τήν
627 527 826 570 θάλατταν,
843 526 907 575 τὴν
934 525 1052 569 πόλιν,
1085 525 1104 563 ὁ
1138 527 1210 562 τῶν
1241 523 1355 571 ἔργων
1385 522 1563 572 κολοφών,

217 584 238 632 ἦ
265 585 444 630 Σαλαμίς,
478 586 564 634 περὶ
599 584 639 633 ἣν
669 584 732 633 τῆν
761 584 888 621 Ἀσίαν
919 583 1133 631 ἐβάπτισας.
1191 585 1255 619 39:
1291 582 1336 619 σύ
1366 581 1429 618 τὸν
1461 595 1563 626 νομι-

220 643 357 682 σθέντα
387 642 476 682 θεὸν
501 645 553 692 τῷ
583 642 721 694 πλήθει
751 645 815 693 τῆς
840 642 1042 690 δυνάμεως,
1074 641 1115 692 ἢν
1142 637 1211 692 ἦγε,
1243 640 1304 679 τὸν
1328 639 1564 678 ἀναλώσαντα

219 704 435 749 πινομένους
460 703 659 749 ποταμούς,
685 704 748 740 τὸν
770 702 843 740 ὑπὸ
868 705 931 751 γῆν
947 703 1013 749 μὲν
1039 702 1208 747 δείξαντα
1233 701 1436 743 θάλασσαν,
1462 700 1562 749 τριή-

220 774 298 810 ρεις
329 761 369 800 δὲ
400 761 581 803 πλεούσας
612 761 662 799 δι’
686 761 783 811 ὀρῶν
807 762 939 807 μέσων,
972 761 1035 799 τὸν
1059 760 1105 797 τοὶ
1130 762 1202 797 τῶν
1228 762 1346 809 νεφῶν
1372 759 1466 808 πρὸς
1499 758 1562 795 τόν

220 819 320 868 ἥλιον
346 820 582 869 ἐργαζόμενον
612 824 689 862 τοῖς
715 821 846 867 βέλεσι,
881 819 926 857 σὺ
956 822 1084 857 τοῦτον
1109 819 1312 868 α’νέστησας
1341 819 1408 865 μέν
1434 818 1472 854 ἐκ
1497 820 1563 854 τοῦ

219 877 357 926 θρόνου
397 880 603 923 ναυμαχῶν,
649 878 851 927 ἠνάγκασας
897 879 937 916 δὲ
972 880 1129 915 πλεῦσαι
1172 877 1233 914 τὸν
1267 880 1333 914 τοῦ
1368 877 1564 925 τρέμοντος

217 937 350 980 πλοῦν,·
391 938 480 973 haec
515 937 672 973 dilucide
703 938 949 973 demonstrant
978 937 1189 981 Libanium,
1224 937 1318 980 quod
1349 937 1396 972 ad
1426 936 1561 972 bellum

216 996 410 1031 Persarum
444 996 590 1040 attinet,
625 1006 696 1032 non
731 997 834 1032 modo
860 996 1098 1040 Herodotum,
1133 996 1197 1031 sed
1228 995 1337 1030 etiam
1371 994 1561 1030 Plutarchi

218 1057 254 1089 et
279 1054 439 1090 Cornelii
464 1054 616 1098 Nepotis
643 1053 779 1089 fontem
804 1057 964 1089 secutum
991 1064 1069 1089 esse
1081 1053 1118 1100 l).
1170 1053 1386 1089 Plutarchus
1412 1053 1560 1088 tradens

217 1112 494 1148 Themistoclem
521 1111 801 1148 Atheniensibus
832 1112 1006 1157 suasisse,
1042 1115 1082 1147 ut
1112 1122 1155 1147 ea
1187 1111 1357 1156 pecunia,
1392 1121 1484 1155 quae
1515 1121 1560 1147 ex

218 1170 376 1206 metallis
390 1170 538 1206 Lauriis
555 1170 699 1206 redibat
717 1173 753 1206 et
769 1181 881 1215 usque
899 1171 947 1206 ad
964 1170 1055 1206 illud
1072 1173 1211 1215 tempus
1229 1170 1324 1206 inter
1341 1170 1439 1206 cives
1457 1173 1561 1213 quot-

218 1229 324 1265 annis
350 1229 644 1273 dispertiebatur,
676 1229 806 1265 classis
832 1229 1102 1274 aedificaretur,
1136 1231 1283 1265 verbum
1318 1227 1557 1273 διανέμεσθαι

217 1290 379 1332 usurpat,
408 1287 467 1323 cui
493 1288 589 1332 apud
614 1287 809 1323 Libanium
835 1289 985 1324 verbum
1011 1286 1189 1333 νέμεσθαι
1214 1287 1417 1332 respondet,
1444 1287 1560 1323 Hero-

218 1346 324 1382 dotus
350 1349 469 1382 autem
487 1346 610 1382 verbis
636 1346 752 1382 utitur
769 1347 841 1382 his:
869 1344 1018 1391 έμελλον
1043 1345 1223 1390 λάξεσθαι
1241 1346 1332 1392 (scil.
1352 1344 1560 1393 Ἀθηναῖοι)

218 1402 374 1452 ὄρχηδόν
409 1403 558 1446 ἕκαστος
601 1403 686 1442 δέκα
729 1403 908 1453 δραχμάς·
960 1403 1042 1441 τότε
1078 1405 1324 1453 Θεμιστοκλῆς
1364 1403 1561 1451 α’νέγνωσεν

217 1461 434 1509 Ἀθηναίους
458 1465 522 1510 τῆς
548 1462 750 1511 διαιρέσιος
774 1462 908 1511 ταύτης
932 1463 1189 1508 παυσαμένους
1211 1463 1294 1504 νέας
1318 1461 1559 1510 ποιήσασθαι.

217 1522 307 1557 Tum
333 1523 447 1558 verba
482 1521 501 1558 ὁ
534 1523 600 1557 τοῦ
631 1524 846 1570 Μαραθῶνι
878 1521 1056 1571 τροπαίου
1089 1522 1195 1570 ζῆλος
1225 1521 1445 1558 conferenda
1477 1524 1561 1557 sunt

216 1591 296 1616 cum
322 1581 386 1625 eis,
414 1591 507 1625 quae
533 1581 623 1617 dicit
647 1581 864 1618 Plutarchus
895 1581 934 1617 in
959 1592 1036 1626 cap.
1057 1582 1094 1617 3:
1128 1580 1403 1617 Themistoclem
1428 1580 1558 1625 gloria,

219 1648 325 1682 quam
358 1639 545 1675 Miltiades
579 1639 735 1675 victoria
768 1640 999 1675 Marathonia
1033 1650 1055 1674 a
1087 1639 1209 1688 Persis
1242 1642 1429 1683 reportata
1462 1649 1560 1674 asse-

219 1700 321 1733 cutus
356 1700 466 1743 esset,
506 1698 553 1733 ad
579 1708 657 1733 eum
690 1697 902 1733 imitandum
934 1697 1124 1734 incitatum
1158 1708 1236 1733 esse
1245 1696 1284 1744 ²),
1323 1697 1362 1732 id
1395 1698 1490 1741 quod
1520 1697 1560 1732 in

217 1756 394 1791 Herodoti
411 1756 587 1792 Historiis
613 1757 711 1792 nullo
737 1757 816 1792 loco
842 1756 1016 1800 scriptum
1042 1756 1256 1792 invenimus.
1299 1757 1421 1792 Verba
1446 1754 1561 1803 ῥημά-

215 1827 288 1849 των
325 1812 493 1862 ἐξήγησις
534 1814 636 1850 illam
680 1814 818 1851 oraculi
859 1814 1211 1860 interpretationem,
1256 1814 1299 1850 de
1338 1824 1409 1858 qua
1450 1814 1559 1859 paulo

216 1883 327 1917 supra
368 1873 541 1917 diximus,
593 1873 811 1918 significant.
880 1873 1075 1916 Sequentia
1126 1872 1323 1918 ναυμαχίαι
1365 1871 1432 1909 δύο
1473 1873 1560 1919 περὶ

218 1929 377 1976 Εὔβοιαν
407 1930 468 1966 καὶ
499 1933 592 1966 νῖκαι
627 1931 839 1976 intellegere
871 1942 942 1966 non
972 1941 1160 1975 possumus
1193 1931 1267 1967 nisi
1300 1941 1344 1966 ea
1374 1942 1431 1976 re,
1466 1932 1561 1975 quod

216 1989 420 2025 Herodotus
462 1988 615 2025 tradidit
656 1989 816 2025 Graecos
857 1989 973 2034 primo
1016 1999 1192 2026 concursu
1239 1990 1286 2025 ad
1324 1988 1560 2026 Artemisium

216 2047 501 2091 promunturium
533 2048 665 2083 Persas
696 2047 830 2083 vicisse
864 2048 950 2094 (VII
978 2048 1046 2083 194
1079 2051 1115 2083 et
1143 2048 1226 2094 195)
1263 2051 1299 2083 et
1331 2048 1370 2082 in
1403 2048 1558 2083 secundo

216 2106 354 2151 proelio
387 2106 512 2143 navali
545 2107 592 2142 ad
624 2106 691 2142 hoc
724 2106 1010 2151 promunturium
1048 2106 1236 2143 commisso
1275 2117 1298 2142 a
1330 2106 1454 2143 Persis
1487 2117 1560 2143 non

217 2166 334 2202 victos
358 2177 446 2211 esse,
474 2167 536 2202 sed
553 2166 707 2211 triginta
724 2176 836 2202 naves
854 2165 1045 2202 Persarum
1072 2166 1211 2210 cepisse
1237 2165 1343 2212 (VIII
1363 2166 1408 2202 10
1427 2168 1463 2202 et
1482 2166 1559 2213 11);

216 2224 498 2260 Atheniensibus
531 2227 660 2269 autem,
701 2224 762 2267 qui
796 2224 872 2259 illis
897 2224 1047 2268 proeliis
1073 2224 1268 2259 maximam
1292 2227 1435 2268 partem
1466 2224 1560 2260 clas-

215 2282 267 2319 sis
302 2283 477 2320 miserant
512 2283 617 2331 (VIII
643 2283 692 2329 1),
731 2282 894 2328 praefuit
920 2282 1179 2319 Themistocles
1216 2282 1324 2329 (VIII
1341 2282 1391 2330 4),
1431 2283 1486 2320 ita
1521 2286 1562 2320 ut

216 2341 368 2377 Neocles
394 2343 490 2386 apud
515 2342 710 2377 Libanium
735 2345 833 2377 recte
859 2341 958 2377 dicat
989 2341 1074 2377 illas
1100 2341 1277 2377 victorias
1304 2342 1562 2378 Themistoclis

316 2438 336 2475 ¹)
358 2438 435 2469 Vide
455 2447 523 2477 pag.
539 2439 576 2468 11
598 2439 665 2469 adn.
682 2439 708 2469 1.

313 2487 335 2524 ²)
357 2487 400 2517 Cf.
422 2489 515 2517 etiam
536 2488 678 2518 Cornel.
693 2487 775 2525 Nep.
796 2487 896 2516 Them.
919 2486 991 2524 5,3:
1018 2486 1103 2516 Haec
1123 2487 1220 2516 altera
1240 2488 1378 2525 victoria,
1399 2496 1476 2526 quae
1496 2496 1561 2517 cum

215 2534 461 2566 Marathonio
475 2537 573 2574 possit
593 2536 763 2575 comparari
782 2539 943 2574 tropaeo.
