1848 2929
848 216 893 252 21

202 331 303 374 (Her.
325 331 375 368 VI
400 331 472 378 96),
508 332 569 376 qui
602 344 680 369 cum
707 334 978 370 Eretriensibus
1010 345 1121 379 prope
1155 335 1278 369 urbem
1311 333 1404 369 Susa
1438 333 1549 369 collo—

202 390 275 426 cati
307 393 390 426 sunt
422 390 523 437 (Her.
545 392 594 428 VI
622 393 718 439 119.)
769 392 839 429 Sed
870 403 972 428 nemo
1000 392 1233 429 Atheniensis
1267 403 1290 428 a
1315 392 1439 428 Persis
1471 402 1547 427 ser-

200 448 317 484 vitute
336 459 528 493 oppressus
547 453 611 495 est,
639 450 677 485 id
695 451 788 494 quod
805 450 1001 496 significat,
1029 461 1108 487 cum
1127 450 1309 487 Cimonem
1328 450 1548 495 gloriantem

202 507 294 544 facit
332 508 352 554 ξ
380 508 443 545 20:
495 507 616 550 οὐδεὶς
649 508 727 555 μετ’
751 508 956 558 Ἐρετριέων
992 509 1104 558 ἐδέθη
1117 509 1168 557 1).)
1212 531 1256 535 -
1309 509 1400 545 Item
1434 511 1548 545 verba

200 567 358 603 Cimonis
395 568 415 613 ξ
451 569 517 604 24;
563 568 687 617 Πάρον
724 564 819 606 εἶδεν
859 568 991 610 ἐκεῖνος
1030 569 1121 616 (scil.
1162 568 1181 605 ὁ
1214 567 1443 616 Μιλτιάδης)
1483 581 1544 604 συ-

200 626 415 674 νευξαμὲνην
448 630 525 668 τοῖς
558 627 759 676 βαρβάροις
790 629 851 664 καὶ
876 630 940 676 τῆς
974 628 1117 665 ἐκείνων
1150 628 1300 677 μερίδος
1333 626 1446 676 αὐτην
1481 642 1545 664 πε-

200 688 394 733 ποιηκυῖαν
424 686 606 723 Herodoto
639 687 827 732 debentur,
863 687 924 731 qui
951 691 1077 723 narrat
1111 688 1162 724 VI
1191 688 1278 723 133:
1324 685 1545 735 παραλαβών

200 744 239 782 δὲ
272 743 291 781 ὁ
318 744 530 792 Μιλτιάδης
562 743 626 794 τὴν
655 744 826 794 στρατιὴν
856 744 959 782 ε”πλει
993 745 1056 782 ἐπὶ
1083 745 1207 794 Πάρον
1240 744 1427 794 πρόφασιν
1452 744 1544 789 ἔχων

199 802 248 843 ὥς
276 802 312 839 οἱ
330 803 466 851 Πάριοι
492 802 659 851 ὑπῆρξαν
685 803 857 851 πρότεροι
883 803 1158 852 στρατευόμενοι
1184 803 1324 853 τριήρει
1351 803 1389 844 ἐς
1407 808 1542 851 Μαρα-

197 862 301 900 θιῦνα
333 859 409 907 ἅμα
440 863 492 909 τῷ
524 862 659 910 Πέρσῃ.
711 863 835 907 Neque
866 863 1024 899 alienum
1056 873 1134 899 esse
1167 863 1312 900 videtur
1343 865 1388 899 ab
1422 863 1540 899 Hero—

199 922 293 966 doto,
321 922 415 965 quod
432 921 530 958 Cimo
558 922 759 958 conclamat
785 922 823 957 in
841 923 861 968 ξ
881 922 944 957 35:
977 920 1069 969 πρὸς
1086 921 1301 971 Ἡρακλέους
1326 922 1387 958 καὶ
1405 920 1541 964 Πανός,

199 979 233 1016 εἰ
257 980 315 1017 καὶ
337 980 447 1029 μέρος
479 979 610 1022 αὐτους
636 980 812 1028 ἐποίησαν
837 982 901 1029 τῆς
935 983 1119 1029 στρατιᾶς,
1147 979 1187 1029 ἢν
1205 980 1416 1028 Μιλτιάδης
1443 976 1541 1028 ἧγενς

199 1050 281 1075 nam
299 1037 434 1076 Panem
460 1041 563 1076 deum
583 1040 862 1076 Atheniensibus
881 1040 1018 1076 favisse
1044 1040 1247 1085 accepimus
1273 1042 1318 1076 ab
1343 1041 1538 1083 Herodoto,

199 1098 260 1142 qui
296 1098 345 1135 VI
374 1099 442 1134 105
474 1099 609 1134 Panem
650 1098 934 1143 interrogantem
972 1099 1064 1134 facit
1096 1099 1355 1143 Philippidem,
1398 1099 1460 1142 qui
1493 1100 1538 1134 ab

197 1156 480 1193 Atheniensibus
506 1157 688 1201 Spartam,
721 1160 761 1192 ut
788 1157 962 1192 auxilium
989 1160 1144 1201 peteret,
1177 1157 1308 1193 missus
1334 1160 1399 1201 est,
1431 1158 1538 1192 haec:

199 1212 247 1250 δι’
278 1212 335 1250 ὅτι
378 1213 515 1250 ἑωυτοῦ
557 1213 728 1261 οὐδεμίην
770 1213 980 1261 ἐπιμελείην
1022 1216 1212 1250 ποιεῦνται
1255 1213 1374 1255 ἐόντος
1415 1212 1541 1250 εὐνόου

195 1270 424 1321 Ἀθηναίοισι
450 1273 509 1309 καὶ
535 1273 699 1320 πολλαχῇ
725 1272 912 1319 γενομένου
937 1286 1004 1321 σφι
1032 1271 1098 1320 ἥδη
1124 1273 1318 1321 χρησίμου,
1349 1271 1394 1309 τά
1419 1272 1459 1309 δὲ
1485 1271 1538 1309 ἔτι

196 1333 257 1368 καὶ
288 1330 460 1376 ἐσομένου
471 1331 509 1377 ²),
550 1331 680 1375 quibus
711 1331 847 1367 auditis
881 1332 1120 1367 Athenienses
1153 1332 1246 1367 Pani
1282 1331 1406 1367 fanum
1440 1332 1539 1367 dedi-

198 1393 382 1427 caverunt.
435 1390 592 1426 Etiamsi
618 1390 811 1426 Herculem
837 1390 1110 1426 Atheniensium
1142 1390 1258 1434 partis
1287 1390 1399 1426 fuisse
1424 1391 1539 1425 Hero-

197 1449 301 1484 dotus
315 1448 413 1484 nullo
427 1448 506 1484 loco
520 1448 683 1493 tradidit,
708 1451 829 1484 tamen
848 1448 1008 1484 dubitari
1022 1459 1093 1484 non
1113 1452 1233 1493 potest
1255 1449 1341 1492 quin
1359 1449 1536 1484 Libanius

195 1506 330 1542 Panem
341 1507 615 1543 Atheniensium
633 1507 770 1543 socium
787 1507 976 1543 nominans
994 1508 1041 1543 ad
1051 1507 1370 1543 Halicarnasseum
1389 1510 1536 1551 spectet.

195 1564 353 1611 (Similia
385 1569 483 1610 sunt,
519 1576 610 1609 quae
636 1565 838 1602 invenimus
872 1565 910 1601 in
941 1577 991 1601 or.
1011 1566 1043 1602 V
1069 1566 1133 1601 40:
1179 1560 1219 1613 ἦν
1243 1565 1309 1610 μὲν
1333 1564 1398 1613 γὰρ
1425 1586 1471 1590 —
1490 1586 1536 1591 —

195 1622 232 1659 ἐν
264 1626 342 1665 τοῖς
373 1625 521 1672 μυρίοις
554 1623 697 1664 τούτοις
736 1623 755 1660 ὁ
782 1621 866 1659 Πάν
899 1622 1009 1660 αὑτὸν
1040 1624 1294 1672 παρακαλέσας
1340 1628 1377 1660 et
1413 1624 1451 1659 in
1484 1635 1534 1660 or.

193 1683 322 1720 XVIII
348 1684 412 1719 65:
447 1683 506 1719 καὶ
536 1685 613 1723 τοῖς
638 1681 846 1730 Ἀθηναίοις
875 1683 998 1727 μεῖζον
1023 1682 1076 1723 εἰς
1107 1681 1216 1726 δόξαν
1246 1681 1286 1718 τό
1316 1681 1404 1727 μεθ’
1427 1681 1536 1730 Ἡρα-

193 1739 318 1781 κλέους
343 1742 404 1778 καὶ
431 1739 553 1781 Πανὸς
579 1741 716 1788 πρᾶξαι
742 1739 787 1776 τά
812 1740 985 1786 λεγόμενα
1003 1742 1213 1788 Μαραθῶνι
1241 1739 1261 1788 ἢ
1286 1740 1320 1777 εἰ
1342 1743 1412 1776 τῶν
1436 1742 1537 1777 θεῶν

193 1799 306 1846 χωρὶς
343 1801 457 1835 ταῦτα
491 1798 700 1845 ἕδεδύνηντο
739 1803 775 1834 et
812 1799 851 1834 in
889 1809 939 1834 or.
966 1799 1078 1834 XXX
1103 1800 1168 1834 32:
1212 1798 1380 1847 λαμπρὸς
1417 1798 1483 1844 μὲν
1516 1798 1536 1835 ὁ

194 1855 391 1905 Μαραθών
427 1856 471 1893 οὕ
508 1855 569 1894 διά
606 1855 691 1898 τούς
727 1857 881 1904 μυρίους
915 1857 1051 1901 μᾶλλον
1077 1855 1280 1904 Ἀθηναίων
1318 1856 1339 1904 ἢ
1372 1856 1434 1893 διὰ
1473 1855 1535 1893 τὸν

190 1914 367 1963 Ἡρακλέα
397 1916 458 1951 καὶ
487 1914 550 1952 τὸν
584 1916 700 1952 Πᾶνα.
761 1916 819 1951 Ad
855 1915 1100 1960 Philippidem
1135 1915 1313 1952 Libanius
1350 1915 1459 1952 etiam
1496 1915 1533 1951 in

193 1975 462 2020 comparatione
488 1973 622 2023 ἀγροῦ
646 1975 717 2010 καὶ
743 1973 908 2016 πόλεως
935 1973 1018 2022 [vol.
1038 1975 1090 2012 IV
1111 1975 1216 2020 1008,
1236 1976 1280 2010 21
1299 1974 1362 2023 R]:
1401 1975 1534 2012 Φιλιπ-

193 2035 305 2082 πίδης
331 2055 377 2059 -——
396 2055 453 2076 —‚
479 2035 531 2081 τῷ
557 2034 655 2070 Πανὶ
681 2032 781 2082 παρὰ
805 2031 846 2069 τὸ
873 2032 1085 2081 Παρθένιον
1110 2031 1234 2077 ε”τυχεν
1258 2033 1437 2080 respicit.)

293 2173 313 2210 ¹)
336 2173 523 2202 Aristides
544 2173 646 2202 eadem
668 2181 704 2201 ex
725 2172 877 2201 Herodoto
897 2173 1007 2209 petivit
1026 2173 1058 2200 in
1079 2173 1215 2201 oratione
1236 2172 1272 2200 de
1292 2174 1440 2207 quattuor
1461 2174 1536 2202 viris

191 2223 213 2251 t.
229 2221 261 2250 II
281 2222 388 2258 p.233‚
401 2222 438 2251 10
458 2224 490 2250 et
511 2221 607 2258 226,4
628 2221 671 2250 ed,
684 2221 789 2257 Dind.;
817 2221 886 2250 vide
900 2220 993 2250 Alfr.
1010 2220 1121 2256 Haas,
1144 2220 1258 2256 Quibus
1279 2220 1415 2249 fontibus
1430 2221 1536 2251 Aelius

190 2270 340 2300 Aristides
366 2271 397 2300 in
418 2270 620 2308 componenda
641 2270 866 2307 declamatione,
893 2278 970 2306 quae
990 2269 1166 2299 inscribitur
1192 2267 1267 2308 πρὸς
1288 2268 1437 2301 Πλάτωνα
1460 2268 1535 2309 ὑπὲρ

191 2319 250 2350 τῶν
270 2319 416 2359 τεττάρων
436 2329 510 2350 usus
531 2321 581 2354 sit,
603 2320 673 2350 diss.
696 2319 955 2357 Gryphiswaldiae
978 2319 1061 2356 1884,
1082 2328 1110 2355 p.
1126 2320 1172 2348 21.

290 2369 312 2406 ²)
335 2369 421 2399 Conf.
443 2369 569 2400 Aristid.
592 2372 611 2398 t.
630 2369 661 2398 II
681 2378 709 2406 p.
724 2368 792 2406 230,
806 2369 841 2397 21
865 2370 896 2397 et
916 2368 1035 2404 231,13
1057 2368 1153 2404 (Haas
1174 2368 1193 2397 l.
1209 2377 1233 2398 c.
1255 2377 1283 2405 p.
1299 2368 1358 2406 24).
1401 2369 1535 2400 Polem.

191 2426 232 2446 or.
254 2417 270 2446 I
290 2417 307 2455 ξ
327 2418 382 2454 35;
411 2426 453 2447 or.
475 2418 506 2447 ΙΙ
526 2418 544 2456 ξ
565 2418 611 2448 41.
626 2418 678 2454 623
706 2417 765 2447 vid.
788 2417 880 2447 etiam
901 2416 1123 2454 H.J1'ittner‚
1144 2416 1190 2446 De
1211 2417 1383 2448 Polemonis
1405 2418 1537 2449 rhetoris

190 2466 256 2495 vita
277 2467 417 2504 operibus
439 2470 514 2505 arte,
536 2467 631 2498 Bresl.
646 2466 722 2497 Phil.
735 2466 809 2497 Abh.
824 2466 901 2498 VIII
923 2467 939 2495 1
965 2475 993 2504 p.
1008 2466 1046 2496 49
1067 2465 1135 2496 infr.
1158 2466 1265 2497 Anth.
1287 2467 1388 2497 Plan.
1411 2468 1455 2498 IV
1471 2469 1536 2498 132.
