1848 2929
800 217 909 270 >45

221 331 332 377 χύων
358 331 653 380 ὑπερέχοντας
678 332 906 379 ἐξέκοπτεν
931 336 977 370 ad
1004 335 1223 371 Herodotum
1250 335 1443 371 referenda
1469 337 1563 378 sunt,

221 392 283 435 qui
301 392 344 427 de
363 391 590 437 Thrasybulo
608 392 832 428 Milesiorum
849 396 1015 438 tyranno,
1043 405 1121 430 cum
1139 394 1339 430 Periander
1355 393 1564 431 Corinthius

221 451 268 486 ad
298 450 578 495 eum'misisset,
613 451 676 494 qui
702 462 781 486 eum
815 451 1073 497 interrogaret,
1108 454 1281 497 quomodo
1308 453 1474 489 Corinthi
1507 456 1564 488 tu-

221 509 362 544 tissime
397 519 551 553 regnare
591 513 728 553 posset,
770 513 898 545 narrat
932 511 964 546 V
990 511 1036 545 92
1055 511 1075 554 ζ
1086 524 1092 546 ;
1140 511 1398 558 Θρασύβουλος
1431 511 1471 548 δὲ
1504 509 1566 546 τόν

221 566 377 605 ἐλθόντα
411 565 513 615 παρὰ
538 568 604 603 τοῦ
629 566 859 615 Περιάνδρου
884 567 984 615 ἐξῆγε
1017 567 1085 614 ἐξω
1117 571 1182 605 τοῦ
1206 568 1348 611 ἄστεος,
1383 568 1493 616 ἐσβὰς
1524 569 1564 605 δὲ

221 624 258 667 ἒς
283 623 444 673 ἄρουραν
475 624 704 673 ἐσπαρμένην
732 647 774 651 -
795 647 841 650 -
867 626 927 661 καὶ
953 624 1125 663 ἐκόλουε
1156 627 1228 663 αἰεὶ
1259 626 1351 669 ὅκως
1381 626 1462 663 τινὰ
1488 628 1560 664 ἴδοι

220 685 301 721 τῶν
334 682 560 730 ἀσταχύων
593 683 880 733 ὑπερέχοντα,
917 684 1073 722 κολούων
1104 687 1142 723 δὲ
1174 686 1337 736 ἔρριπτε,
1378 686 1415 729 ἐς
1448 686 1469 723 ὃ
1498 689 1565 723 τοῦ

220 744 326 791 ληίου
350 743 391 779 τὸ
416 743 605 780 κάλλιστόν
634 757 674 779 τε
698 746 758 780 καὶ
783 743 994 790 βαθύτατον
1027 744 1217 793 διέφθειρε
1242 745 1365 793 τρόπῳ
1397 740 1562 791 τοιούτῳ.

221 823 267 827 --
294 802 384 838 Tum
403 803 498 846 quod
523 802 633 838 affert
649 802 828 838 Libanius
855 802 893 838 in
920 813 971 838 or.
991 803 1112 838 LXIV
1131 804 1194 839 54:
1223 801 1306 841 οὐδὲ
1329 803 1395 852 γὰρ
1422 802 1457 839 οἱ
1479 801 1565 845 τούς

222 862 308 909 περὶ
321 861 347 907 1)
367 859 586 907 Μεγάβαζον
596 860 623 908 ²)
649 859 929 902 ἀποκτείναντες
946 860 983 897 ἐν
1001 863 1212 909 Μακεδονίᾳ
1237 861 1327 906 μετὰ
1351 861 1393 898 τό
1417 865 1565 899 δεῖπνον

221 918 481 966 ἐκφερομένους
506 918 560 958 εἰς
586 917 804 966 Ἀφροδίτην
829 917 955 955 ἄδικον
980 918 1053 954 ὑπὸ
1078 920 1142 966 τῆς
1168 919 1286 966 μέθης
1311 941 1357 945 -
1372 940 1417 945 -
1443 922 1564 965 γυναῖ-

221 990 279 1018 κες
305 972 397 1013 εἶναι
424 975 592 1023 δόξαντες
616 975 691 1013 ‹inf›
708 978 773 1026 τῆς
798 976 955 1026 ἐσθῆτος
982 976 1049 1026 ἤδη
1072 978 1133 1014 καὶ
1160 981 1320 1024 γυναῖκες
1339 973 1440 1027 ἦσαν,
1466 982 1564 1015 certe

222 1047 267 1071 ex
283 1037 467 1072 Herodoto
493 1040 669 1081 sumptum
699 1041 764 1081 est,
792 1037 854 1080 qui
880 1040 1007 1072 narrat
1035 1038 1065 1072 V
1084 1038 1128 1072 17
1156 1037 1295 1081 legatos
1321 1048 1344 1073 a
1364 1038 1563 1082 Megabazo

222 1104 352 1138 aquam
378 1098 583 1139 terramque
609 1094 756 1139 petendi
782 1105 893 1131 causa
918 1094 1049 1131 missos
1075 1106 1097 1130 a
1114 1095 1370 1131 Macedonibus
1394 1094 1564 1131 muliebri

221 1157 322 1190 veste
349 1153 456 1190 tectis
482 1154 695 1191 interfectos
721 1165 810 1199 esse,
837 1154 1032 1198 quodcum
1059 1165 1180 1191 eorum
1205 1154 1377 1190 uxoribus
1403 1157 1439 1190 et
1464 1165 1563 1191 soro-

221 1213 322 1248 ribus
353 1213 450 1248 coire
481 1213 691 1248 voluissent.
727 1233 774 1238 —
807 1213 851 1247 In
882 1224 933 1248 or.
961 1213 1083 1249 LXIV
1108 1214 1155 1248 93
1189 1213 1311 1248 rhetor
1344 1213 1561 1257 interrogat:

223 1269 244 1318 ἢ
270 1269 359 1307 κατὰ
383 1269 446 1308 τὸν
462 1270 648 1317 Ζάμολξιν
659 1270 686 1317 ³)
712 1269 785 1307 ὑπὸ
812 1271 876 1319 γῆς
902 1270 1034 1319 ε’διῃτιῦ
1059 1271 1118 1307 καὶ
1144 1270 1332 1319 διέφευγες
1356 1269 1420 1319 τὴν
1436 1269 1563 1319 ἅλμην,

222 1330 352 1372 quibus
391 1330 514 1366 verbis
552 1330 656 1365 illum
694 1341 837 1366 servum
876 1331 1108 1375 Pythagorae
1147 1330 1344 1375 significat,
1384 1340 1486 1373 quem
1524 1333 1564 1365 ut

221 1388 423 1424 Thracibus
449 1389 684 1434 persuaderet
716 1399 755 1424 se
780 1388 1020 1425 immortalem
1047 1399 1140 1434 esse,
1176 1392 1365 1433 postquam
1395 1399 1460 1433 per
1489 1391 1563 1424 tres

221 1458 334 1484 annos
359 1449 424 1484 sub
451 1452 551 1484 terra
575 1448 741 1493 vixisset,
769 1451 898 1493 quarto
924 1459 1017 1484 anno
1043 1448 1196 1484 rediisse
1219 1449 1424 1485 Herodotus
1450 1447 1564 1484 tradit

220 1507 272 1543 IV
297 1507 344 1541 95
378 1505 562 1552 (καταβὰς
604 1507 643 1543 δὲ
676 1506 770 1550 κάτω
809 1505 847 1546 ἐς
885 1505 926 1543 τὸ
959 1505 1152 1552 κατάγαιον
1185 1507 1317 1553 οἴκημα
1362 1507 1563 1542 διαιτᾶτο

220 1563 277 1600 ἐπ’
302 1563 384 1601 ἔτεα
408 1565 525 1614 τρία);
560 1565 738 1602 Libanius
763 1565 879 1611 igitur
904 1565 967 1601 illo
994 1565 1072 1602 loco
1099 1567 1248 1602 verbum
1274 1565 1493 1603 διαιτᾶσθαι
1519 1575 1563 1601 ex

220 1625 404 1661 Herodoto
431 1625 594 1669 sumpsit.
629 1647 676 1651 -
709 1625 799 1660 Tum
825 1625 864 1660 in
895 1636 946 1660 or.
974 1625 993 1660 Ι
1018 1625 1065 1661 53
1092 1625 1232 1660 dicens:
1267 1623 1331 1660 τόν
1357 1623 1563 1670 Αἰγύπτιον

221 1681 366 1725 ἐκεῖνον,
398 1681 438 1725 ὃς
464 1682 663 1732 ε’σοφίσατο
688 1681 827 1732 μακρόν
851 1682 952 1730 αὐτῷ
981 1681 1044 1719 τὸν
1069 1681 1206 1732 βραχύν
1232 1681 1404 1730 γενέσθαι
1434 1680 1563 1731 χρόνον

219 1743 343 1779 rhetor
387 1746 481 1779 tecte
524 1743 709 1788 significat
753 1743 978 1789 Mycerinum
1016 1753 1138 1788 regem
1179 1742 1456 1788 Aegyptiorum,
1500 1742 1563 1785 qui

220 1801 366 1836 oraculo
400 1801 472 1837 sibi
498 1803 581 1837 dato
609 1812 647 1837 se
673 1805 756 1847 post
786 1812 850 1837 sex
875 1812 989 1848 annos
1021 1812 1098 1838 esse
1123 1801 1334 1837 moriturum
1361 1804 1397 1836 et
1423 1801 1500 1836 dies
1526 1803 1563 1835 et

220 1863 343 1897 noctes
375 1861 490 1897 festas
517 1872 630 1906 agens
658 1865 798 1907 tempus
826 1861 1044 1907 duplicavit,
1071 1865 1111 1897 ut
1138 1861 1341 1897 Herodotus
1368 1859 1563 1896 memoriae

220 1919 382 1963 prodidit
414 1920 452 1954 II
481 1920 561 1955 133.
601 1941 648 1945 -
693 1921 737 1955 In
770 1931 821 1956 or.
850 1920 905 1955 XI
932 1921 1002 1956 255
1036 1920 1212 1955 Libanius
1247 1919 1400 1954 macella
1433 1917 1563 1953 Antio-

320 2027 340 2064 ¹)
363 2027 506 2056 Fortasse
521 2027 711 2057 scribendum
725 2030 773 2057 est
791 2025 873 2066 παρὰ
885 2026 1081 2066 Μεγαβάζου,
1097 2027 1234 2063 quoniam
1249 2026 1433 2063 Megabazus
1447 2025 1564 2062 aberat,

219 2075 280 2105 nisi
300 2077 396 2105 mavis
417 2079 525 2113 putare
546 2076 708 2106 Libanium
728 2077 885 2107 erravisse.

320 2125 341 2163 ²)
363 2126 551 2165 Μεγάβαζον
572 2127 693 2164 scripsit
714 2126 890 2157 Foerster
912 2126 999 2165 (Mus.
1007 2124 1224 2156 Rhen.XXXII
1235 2124 1284 2163 89)
1295 2132 1349 2161 pro
1364 2122 1562 2163 Μεγάβυζον,

219 2175 297 2211 quod
319 2175 436 2206 codices
457 2176 620 2213 praebent;
649 2176 700 2206 sed
721 2176 870 2206 Herodoti
890 2176 982 2206 codex
1003 2176 1196 2206 Florentinus
1218 2173 1298 2203 LXX
1318 2174 1337 2203 6
1358 2174 1401 2212 (in
1423 2173 1564 2203 editioni-

220 2225 276 2254 bus
291 2225 396 2255 littera
416 2225 585 2255 minuscula
606 2226 624 2255 d
646 2226 809 2264 signatus),
830 2231 957 2262 quocum
971 2226 1129 2256 Libanium
1150 2227 1180 2254 et
1194 2224 1253 2253 alio
1267 2223 1332 2253 loco
1347 2226 1564 2260 congruentem

221 2274 396 2311 videbimus,
417 2275 555 2311 plurimis
575 2275 649 2304 locis
670 2275 800 2304 formam
822 2274 1006 2313 Μεγάβυζος
1026 2275 1155 2312 praebet.

318 2323 341 2361 ³)
363 2323 448 2360 Quod
469 2324 507 2353 ad
533 2323 663 2354 formam
684 2325 820 2354 nominis·
835 2326 957 2362 attinet,
984 2324 1129 2354 Herodoti
1155 2322 1270 2352 codices
1297 2330 1399 2351 omnes
1419 2321 1566 2359 praebent

221 2370 371 2410 Ζάλμοξις
398 2373 446 2402 vel
466 2372 617 2412 Σάλμοξις
644 2376 766 2410 praeter
786 2374 996 2403 Florentinum
1017 2373 1099 2402 LXX
1118 2372 1146 2408 6,
1174 2372 1225 2407 qui
1253 2369 1403 2409 Ζάμολξις
1430 2371 1564 2408 praebet.

221 2420 307 2449 Hanc
327 2420 455 2450 formam
480 2423 570 2451 etiam
590 2422 710 2451 Libanii
731 2422 849 2452 codices
874 2423 978 2459 optimi
1006 2421 1117 2452 habent
1137 2422 1191 2449 aut
1220 2429 1238 2449 a
1259 2419 1406 2457 principio
1436 2422 1493 2449 aut
1513 2428 1567 2457 per

221 2470 437 2500 correctionem
444 2481 451 2509 ;
473 2471 608 2501 videmus
629 2472 725 2510 igitur
746 2476 776 2501 et
797 2471 853 2501 hoc
874 2471 939 2502 loco
954 2471 1112 2502 Libanium
1133 2478 1200 2499 cum
1221 2468 1274 2498 illo
1296 2469 1397 2500 codice
1418 2469 1567 2500 Herodoti

221 2522 445 2556 congruentem.
