1848 2929
849 229 871 264 7

192 344 317 392 λευσεν
356 342 602 393 α’ποῦνὴσκειν
642 344 721 383 ἀντὶ
769 346 832 393 τῆς
861 345 864 393 I
894 358 975 382 στα
1025 345 1045 382 ε’
1051 359 1097 392 γε
1105 345 1152 392 γό
1163 360 1207 381 νε
1216 361 1232 381 ε
1242 375 1251 388 ‚
1307 345 1428 383 ἕκάλεε
1474 345 1536 382 τὸν

192 401 285 443 θέας
324 401 344 451 ἢ
375 404 481 439 τοῦτο
522 404 611 452 δρᾶν
643 399 711 441 τδν.
736 407 832 440 Καν-
893 403 1023 451 Γύγεα.

192 459 338 508 δαύλην,
372 460 639 510 ὑπισχνουμένη
671 461 832 510 συνοική-

192 532 270 556 σειν
301 518 394 569 αὕτῇ
425 519 517 567 μετὰ
546 519 608 557 τὸν
633 520 746 570 φόνον
770 520 833 557 τὸν

193 577 324 627 Γύγην.
376 578 500 628 ἤρεσκε
530 580 596 625 μὲν
627 579 830 629 οὐδέτερον,

191 636 245 677 εἰς
262 636 302 673 δὲ
325 636 366 674 τὸ
384 638 535 674 κτείνειν
553 637 735 675 α’πέκλινε.
770 640 831 675 καὶ

192 695 538 744 διαχρησάμενος
563 695 832 734 καθεύδοντα

190 752 262 790 τὸν
279 754 493 802 δεσπότην
512 759 639 801 γαμεῖ
657 769 700 792 τε
724 755 832 791 ε’κεί-

192 825 264 859 νην
298 812 369 848 καὶ
402 812 628 858 βασιλεύει
664 815 831 850 Λυδῶν.

940 698 958 733 Ι
986 699 1052 734 12;
1096 696 1312 739 ἀποκτείνας
1349 695 1458 734 αὐτὸν
1500 696 1534 733 ἐ-

898 769 969 799 σχε
1012 757 1081 792 καὶ
1124 755 1198 803 τὴν
1241 759 1419 801 γυναῖκα
1461 757 1534 793 καὶ

892 812 965 861 τὴν
991 814 1226 861 βασιληίην
1254 812 1383 861 Γύγης.

287 881 492 926 Rhetorem,
525 882 693 926 quoniam
725 882 763 918 in
788 883 856 918 hae
881 883 1154 918 narratiuncula
1185 893 1256 918 non
1282 882 1400 918 minus
1426 893 1533 926 quam

189 938 229 973 in
260 939 445 983 superiore
470 940 648 975 Herodoti
677 941 789 976 verba
823 951 889 976 sua
920 940 1022 984 facit,
1058 943 1171 975 totum
1205 943 1454 984 argumentum
1489 951 1534 975 ex

191 1007 231 1033 eo
268 997 532 1043 deprompsisse
565 998 761 1043 putandum
799 1001 868 1044 est,
904 998 1119 1043 praesertim
1153 1009 1232 1035 cum
1266 999 1362 1043 apud
1396 998 1533 1034 nullum

190 1056 403 1099 scriptorem
429 1058 472 1091 de
499 1057 682 1092 Candaule
707 1067 730 1091 a
756 1058 860 1101 Gyge
886 1057 1080 1092 interfecto
1107 1058 1231 1091 eadem
1256 1060 1450 1092 narrentur
1475 1060 1531 1091 at-

189 1123 257 1158 que
283 1114 380 1159 apud
404 1114 626 1151 Herodotum
637 1113 674 1161 ¹).

289 1219 451 1255 Tertium
474 1223 529 1256 est
555 1218 713 1267 διήγημα
739 1222 840 1267 περὶ
866 1219 1086 1267 Ἀρίωνος,
1113 1221 1207 1264 quod
1233 1224 1269 1256 et
1294 1220 1411 1265 ipsum
1429 1221 1534 1256 Hali-

190 1289 382 1315 carnasseo
426 1279 549 1315 deberi
598 1289 642 1315 ex
684 1279 954 1324 comparatione
997 1280 1189 1316 verborum
1237 1283 1273 1315 et
1313 1279 1533 1316 locutionum

190 1341 361 1381 apparet;
397 1337 527 1373 scribit
553 1338 647 1372 enim

442 1405 636 1442 Libanius:

273 1471 432 1521 διήγημα
457 1473 543 1521 περὶ
568 1472 748 1521 Ἀρίωνος.

246 1540 282 1578 Ὀ
314 1540 471 1590 Ἀρίων
511 1540 852 1589 Μηθυμναῖος

188 1598 237 1636 ὢν
267 1599 305 1636 ἐκ
331 1598 545 1649 Μηθύμνης
576 1598 747 1638 ἔπλευσεν
776 1599 830 1643 εἰς

189 1658 388 1708 Κόρινθον.

186 1717 289 1756 τόθι
326 1717 400 1767 τὴν
437 1718 588 1766 τέχνην
630 1717 826 1764 εὐδοκίμει.

186 1776 450 1824 βουλόμενος
476 1776 521 1813 δὲ
556 1777 625 1814 καὶ
659 1776 701 1813 ἐν
725 1775 827 1814 Ἰτα-

187 1836 257 1884 λίᾳ
276 1835 444 1882 γενέσθαι
462 1834 628 1884 λαμπρὸς
645 1834 828 1876 ἔπλευσε

186 1892 345 1937 κάκεῖσε,
383 1896 443 1931 καὶ
481 1890 593 1934 αὖθις
631 1892 826 1939 εὐδοκίμει.

187 1952 384 2000 γενομένων
409 1952 449 1989 δὲ
475 1951 576 1999 αὕτῷ
600 1951 829 2001 χρημάτων

187 2011 380 2059 μεγάλων
415 2010 503 2053 νειὸς
536 2010 666 2058 ε’·πιβὰς
697 2015 828 2063 Κοριν-

188 2070 278 2113 θίας
312 2069 365 2112 εἰς
398 2069 584 2119 Κόρινθον
616 2069 826 2106 ε’παναπλεῖ.

187 2131 257 2167 καὶ
293 2128 334 2165 οἱ
366 2130 517 2165 ναῦται
550 2130 632 2164 τῶν
665 2127 828 2176 χρημά-

188 2202 269 2224 των
316 2185 577 2235 ἐρασθέντες
642 2185 828 2222 κτείνειν

189 2245 456 2295 ἐπεχείρουν.
502 2243 551 2287 ὠς
577 2244 617 2282 δὲ
642 2242 828 2294 ἀφιστά-

187 2319 315 2352 μενος
356 2304 505 2347 αὖτοῖς
546 2306 626 2340 τῶν
663 2303 828 2352 χρημά-

188 2379 270 2401 των
304 2364 375 2401 ἕπὶ
410 2366 467 2411 τῷ
500 2361 719 2408 σώζεσθαι
753 2361 828 2398 οὐκ

1108 1406 1313 1442 Herodotus

1108 1473 1127 1509 I
1153 1473 1316 1508 23-24:

939 1540 1108 1589 Ἀρίονα
1138 1540 1210 1578 τὸν
1242 1544 1535 1587 Μεθυμναῖον

940 1599 1175 1649 διθύραμβον
1207 1623 1233 1627 -
1265 1598 1470 1649 ποιήσαντά
1495 1613 1535 1636 τε

439 1661 500 1697 καὶ
543 1659 715 1702 δεικνὺς
753 1658 829 1696 av'-
888 1660 950 1695 καὶ
981 1658 1212 1706 ὀνομάσαντα
1249 1660 1310 1695 καὶ
1337 1658 1534 1705 διδάξαντα

889 1717 926 1754 ἐν
953 1718 1139 1766 Κορίνθῳ.

929 1776 1161 1825 ἐπιθυμῆσαι
1179 1777 1351 1813 πλῶσαι
1368 1776 1411 1819 ἐς
1428 1776 1533 1814 Ἰτα-

888 1835 982 1882 λίην
1007 1849 1046 1872 τε
1072 1837 1133 1872 καὶ
1159 1835 1327 1883 Σικελίην

938 1950 1183 2001 ἐργασάμενον
1238 1951 1278 1990 δὲ
1334 1966 1382 2001 χρ
1391 1951 1443 2001 ἡμ
1452 1965 1502 1988 ατ
1509 1966 1533 1989 α

887 2010 1050 2057 μεγάλα

936 2127 1021 2169 τούς
1054 2127 1094 2164 δὲ
1121 2127 1158 2163 ἐν
1182 2129 1235 2174 τῷ
1270 2127 1422 2174 πελάγεϊ
1452 2128 1533 2165 ἑπι-

886 2184 1074 2232 βουλεὺειν
1098 2184 1161 2222 τὸν
1186 2185 1332 2234 Ἀρίονα
1364 2185 1533 2233 ἐκβαλόν-

886 2258 953 2287 τας
978 2242 1074 2290 ἔχειν
1098 2242 1143 2282 τὰ
1169 2242 1348 2294 χρηματα.

936 2303 1134 2352 χρήματα
1173 2303 1240 2349 μέν
1280 2317 1348 2353 σφι
1388 2304 1535 2353 προϊέν-

888 2375 950 2405 τα,
994 2361 1116 2411 ψυχὴν
1154 2362 1194 2400 δὲ
1233 2363 1534 2413 παραιτεόμενον.

289 2472 309 2509 ¹)
331 2472 407 2503 Vide
433 2471 548 2508 Kirby
569 2470 712 2500 Flower
733 2469 865 2507 Smith‚
892 2469 955 2499 The
976 2469 1039 2500 tale
1060 2470 1094 2500 of
1115 2470 1217 2510 Gyges
1245 2471 1304 2501 and
1325 2471 1377 2501 the
1400 2472 1482 2510 King
1503 2471 1537 2501 of

189 2520 294 2558 Lydia,
316 2521 475 2551 American
496 2520 625 2551 Journal
645 2520 679 2550 of
700 2519 858 2557 Philology
879 2518 986 2549 XXIII
1008 2519 1061 2550 No.
1077 2521 1125 2558 91,
1138 2520 1170 2550 II
1191 2523 1222 2550 et
1242 2521 1289 2559 92,
1305 2521 1327 2552 I.
