1848 2929
811 218 859 254 83
918 270 942 272 >-

258 333 326 382 ε’φ’
351 332 507 370 ἑαυτοῦ
539 334 779 381 βάλλεσθαι
814 340 895 382 (suo
927 338 1041 381 ipsius
1075 335 1218 371 consilio
1250 335 1346 380 niti).
1399 335 1506 379 Apud

158 393 353 429 Libanium
387 392 425 428 in
459 393 546 429 decl.
574 394 626 431 IV
655 395 709 440 13,
754 396 816 431 ubi
849 406 935 440 pars
977 394 1139 431 codicum
1174 395 1341 438 praebet:
1389 391 1408 428 ό
1439 391 1506 437 μὲν

159 450 228 499 ἀφ’
253 450 384 487 ἑαυτοῦ
408 449 630 497 βαλλόμενος
655 451 821 501 ἔπραττε,
853 453 1017 497 equidem
1043 463 1171 488 censeo
1204 463 1283 487 011111
1309 451 1504 487 Foerstero

159 509 387 545 scribendum
414 520 491 545 esse
518 508 580 557 ἐφ’
605 508 760 547 ἑαυτοῦ
785 533 831 536 -
857 510 1065 558 ἑ’πραττε;
1100 521 1183 546 nam
1210 506 1300 545 haec
1327 520 1372 545 ex
1389 509 1506 544 Hero-

160 568 243 603 doto
288 567 463 612 originem
503 569 650 613 ducunt‚
695 569 756 613 qui
793 569 922 605 scribit
965 569 1023 605 ΙΙΙ
1050 569 1138 605 155:
1187 567 1250 604 ἐπ’
1285 567 1507 613 ἐμεωυτοῦ

160 625 399 672 βαλόμενος
433 624 599 674 ἔπρηξα
635 628 720 674 (meo
746 630 887 665 consilio
913 629 994 675 egli),
1030 628 1091 664 ubi
1124 638 1236 672 aeque
1268 632 1377 671 atque
1409 627 1505 671 apud

159 685 353 721 Libanium
372 686 461 721 haee
478 686 611 722 locutio
630 698 709 723 cum
727 689 836 724 verbo
862 686 1035 736 πράττειν
1053 687 1245 723 coniuncta
1263 690 1329 722 est.
1367 687 1505 722 Eadem

159 744 463 780 Halicarnasseus
489 746 731 790 compluribus
758 746 848 782 Iocis
870 746 969 790 dicit,
997 746 1096 782 velut
1115 747 1145 782 V
1166 746 1253 781 106:
1281 746 1366 781 ἴσθι
1392 743 1504 780 αὐτόν

161 800 224 837 ἐπ’
241 800 400 837 ἑωυτοῦ
426 801 690 848 βαλλόμενον
715 803 1000 851 πεποιηκέναι
1023 804 1123 850 (item
1141 804 1198 839 III
1215 803 1275 850 71)
1295 807 1331 839 et
1347 804 1399 838 IV
1418 803 1502 838 160:

161 859 222 896 ἐπ’
248 859 415 897 ἑωυτῶν
450 860 682 907 βαλόμενοι
718 860 861 898 ἔκτισαν
895 860 1013 904 πόλιν,
1051 866 1086 897 et
1111 863 1226 899 V73:
1264 860 1301 898 οἱ
1327 861 1368 899 δὲ
1402 860 1504 908 ἄγγε-

160 920 216 955 λοι
243 919 314 955 ἐπὶ
340 918 482 966 σφέων
507 919 645 955 αὐτῶν
670 919 905 965 βαλόμενοι
932 919 1075 957 διδόναι
1098 919 1236 968 ἔφασαν
1261 920 1353 965 (scil.
1373 922 1437 967 γῆν
1463 933 1503 955 τε

159 978 219 1014 καὶ
246 976 362 1026 ὕδωρ)
389 981 424 1013 et
448 978 539 1015 VIII
568 979 654 1015 109:
689 978 847 1027 ὁρμέατο
873 978 910 1019 ἐς
941 977 1003 1014 τὸν
1027 977 1285 1026 Ἑλλήσποντον
1311 979 1416 1014 πλεῖν
1441 979 1501 1015 καὶ

161 1036 234 1073 ἐπὶ
271 1036 410 1084 σφέων
447 1035 585 1072 αὐτῶν
623 1037 874 1082 βαλόμενοι;
927 1042 1046 1073 exst-at
1083 1038 1217 1073 locutio
1257 1038 1366 1073 etiam
1406 1038 1502 1081 apud

161 1094 436 1140 Aelianum1).

259 1151 479 1201 αὐτόπτην
514 1153 743 1199 γίγνεσθαι
782 1155 874 1199 (suis
912 1155 1025 1199 ipsius
1061 1155 1167 1190 oculis
1203 1155 1342 1199 videre).
1395 1154 1500 1189 Hanc

160 1213 376 1248 locutionem
412 1212 606 1257 Libanius‚
649 1213 711 1257 qui
748 1223 826 1248 eam
863 1213 1011 1248 adhibet
1041 1213 1080 1248 in
1116 1213 1204 1248 decl.
1231 1213 1263 1249 V
1290 1213 1354 1248 88:
1397 1211 1500 1260 ἠνάγ-

160 1284 293 1317 κασμαι
322 1270 416 1319 πρὸς
442 1271 482 1308 σὲ
508 1270 662 1317 λέγειν,
694 1266 743 1308 ὧν
769 1271 986 1319 αὐτόπτης
1011 1263 1250 1318 γεγένησαι,
1282 1268 1501 1316 deprompsit

161 1341 205 1365 ex
238 1330 323 1365 Her.
352 1330 443 1366 VIII
470 1331 533 1365 79:
575 1328 641 1376 ἐγώ
675 1328 742 1377 γὰρ
777 1328 995 1377 αὐτόπτης
1027 1343 1084 1366 τοι
1120 1329 1223 1375 λέγω
1258 1329 1499 1376 γενόμενος;

159 1399 242 1425 nam
268 1389 335 1424 hoc
366 1389 444 1425 loco
472 1400 584 1433 aeque
610 1393 717 1433 atque
751 1390 847 1434 apud
873 1389 1094 1425 Herodotum
1126 1389 1259 1424 locutio
1286 1400 1365 1424 cum
1390 1391 1500 1425 verbo

159 1447 274 1495 λέγειν
301 1448 542 1494 coniungitur.
577 1448 774 1485 Praeterea
792 1448 1008 1485 locutionem
1027 1448 1330 1484 Halicarnasseus
1356 1448 1502 1484 adhibet

159 1507 252 1544 VIII
278 1508 344 1542 80:
379 1505 490 1547 αὐτὸς
515 1505 734 1554 αὐτόπτης
759 1506 987 1552 γενόμενος
1013 1506 1109 1554 ἥκεις
1136 1512 1172 1542 et
1197 1508 1254 1542 III
1284 1508 1368 1542 115:
1395 1508 1501 1542 τοῦτο

160 1565 199 1603 δὲ
238 1563 385 1607 οὐδενὸς
419 1563 645 1602 αὐτόπτεω
684 1565 916 1612 γενομένου
957 1564 1001 1602 οὐ
1039 1563 1196 1611 δύναμαι
1231 1564 1392 1603 οἰκοῦσαι.
1444 1565 1498 1602 Οΐ.

157 1625 267 1661 Plut.
294 1636 381 1661 mor.
408 1636 442 1670 p.
470 1626 492 1661 9
510 1626 554 1661 D.

257 1683 486 1731 *ἐξίτηλον
528 1685 756 1730 γίγνεσθαι
795 1683 932 1732 χρόνῳ
977 1686 1227 1730 (diuturnitate
1265 1685 1497 1729 extabescere).

158 1743 362 1779 Herodotus
395 1743 434 1779 in
459 1744 642 1789 prooemio
668 1744 756 1780 libri
786 1744 896 1789 primi
926 1744 1103 1788 loquitur:
1141 1743 1191 1785 ὠς
1215 1742 1305 1792 μήτε
1335 1742 1378 1779 τοὶ
1408 1743 1500 1790 γενό-

158 1815 248 1846 μενα
273 1801 312 1845 ἐξ
337 1801 544 1849 ἀνθρώπων
569 1804 621 1848 τῷ
646 1801 762 1850 χρόνῳ
790 1802 936 1849 ἐξίτηλα
963 1802 1117 1849 γένηται,
1144 1804 1190 1838 ad
1217 1813 1308 1846 quae
1325 1803 1500 1837 Libanius

158 1860 310 1905 respicit
335 1860 373 1895 in
399 1871 450 1896 or.
472 1860 562 1896 LIX
579 1861 644 1896 84:
672 1859 716 1896 οὐ
741 1859 807 1909 γὰρ
834 1859 998 1908 ἐξίτηλον
1024 1860 1139 1909 χρόνῳ
1163 1863 1345 1907 γεγονυῖαν
1369 1862 1503 1908 πρᾶξιν

159 1918 399 1966 διηγούμεθα.
442 1920 512 1956 Sed
538 1920 649 1956 etiam
676 1920 808 1956 omisso
835 1920 898 1956 illo
926 1920 1050 1956 dativo
1077 1919 1193 1968 χρόνῳ
1224 1920 1357 1955 locutio
1384 1923 1503 1955 exstat

159 1978 255 2023 apud
271 1978 467 2014 Libanium
491 1978 531 2014 in
547 1979 619 2016 vol.
631 1979 684 2016 IV
699 1979 893 2025 770‚13R:
920 1976 985 2027 τήν
1009 1977 1118 2027 α’κοὴν
1145 1978 1281 2026 ἐκείνην
1306 1976 1502 2025 ἐξίτηλον

158 2036 366 2083 γενέσθαι
400 2042 436 2074 et
470 2039 565 2083 apud
598 2039 819 2075 Herodotum
855 2039 886 2076 V
912 2039 975 2074 39:
1021 2036 1064 2074 οὐ
1091 2036 1306 2087 περιοπτέον
1337 2036 1435 2083 γένος
1461 2036 1501 2072 τὸ

161 2095 413 2145 Εὐρυσθένεος
438 2097 642 2143 γενέσθαι
670 2097 918 2144 ε’ξίτηλονῑ).

258 2155 449 2205 δρασμὸν
478 2155 771 2204 βουλεύεσθαι
805 2156 951 2203 (fuqam
976 2157 1165 2202 meditari).
1216 2156 1319 2191 Hanc
1350 2155 1501 2191 locutio-

159 2226 251 2260 nem,
289 2226 395 2259 quam
431 2217 527 2260 apud
559 2217 781 2252 Herodotum
814 2216 1058 2260 compluribus
1095 2216 1183 2251 locis
1219 2215 1370 2259 legimus
1403 2215 1503 2250 velut

159 2274 252 2311 VIII
279 2275 343 2310 75:
383 2273 420 2310 οἱ
445 2272 611 2322 Ἕλληνες
644 2273 835 2323 δρησμὸν
868 2273 1150 2321 βουλεύονται
1189 2271 1503 2321 καταρρωδηκότες

161 2335 197 2368 et
231 2334 353 2377 activa
387 2334 505 2370 forma
530 2334 621 2371 VIII
639 2334 680 2369 4:
721 2333 757 2370 οἱ
789 2334 849 2370 καὶ
882 2332 940 2370 ἐπ’
965 2332 1188 2382 Ἀρτεμίσιον
1211 2331 1383 2380 Ἑλλήνων
1416 2330 1503 2369 ἀπι-

261 2459 281 2496 ¹)
303 2460 380 2489 Vide
401 2460 545 2490 Schmid
571 2460 628 2490 1.(1.
652 2460 708 2489 vol.
731 2460 780 2489 III
799 2469 826 2498 p,
845 2461 909 2490 171.

259 2508 281 2545 ²)
303 2509 388 2539 Conf.
412 2510 505 2541 Plat.
528 2510 613 2540 Criti.
638 2510 689 2539 121
708 2511 742 2539 A.
784 2511 896 2540 Diosc
927 2511 954 2540 V
970 2510 1014 2539 13,
