1848 2929
867 224 1095 278 ss—79—

304 351 415 384 supra
447 341 772 376 demonstravimus
785 340 823 387 1).
878 341 982 385 Apud
1014 345 1152 377 ceteros
1184 342 1382 387 scriptores
1413 343 1479 378 hoc
1506 344 1654 378 verbum

304 399 379 433 alia
404 399 552 434 notione
578 402 708 435 exstat.
1557 414 1559 416 ·

402 455 704 504 *ἐπιβάλλειν
767 459 809 493 In
852 458 940 494 decl.
969 458 1064 494 XIII
1091 459 1112 494 8
1154 458 1332 495 Libanius
1368 459 1575 496 Corinthios
1612 461 1656 496 de

304 516 588 552 Atheniensibus
621 516 714 552 facit
739 517 944 560 loquentes:
980 516 1017 552 τί
1043 515 1109 565 γὰρ
1137 515 1262 559 αὐτοῖς
1292 519 1364 553 τῶν
1389 515 1592 566 ἀνηκέστων
1616 532 1655 554 τε

303 574 364 610 καὶ
391 575 518 610 δεινῶν
543 573 637 622 πρὸς
659 573 744 616 τούς
769 573 954 623 ὑπηκόους
981 574 1025 611 ου’
1043 574 1272 625 πέπρακταις
1299 574 1342 612 οῦ
1367 574 1532 624 φόρους
1558 575 1656 614 ἐπέ-

304 636 456 679 βαλον;
493 632 538 669 οὐ
564 635 651 675 ναῦς
676 634 913 681 παρείλοντο,·
956 635 1179 679 Quamquam
1207 636 1274 671 hoc
1299 635 1377 671 loco
1405 640 1656 680 argumentum

304 692 508 727 sententiae
539 690 679 740 φόρους
706 691 885 739 ἐπέβαλον
918 704 940 728 a
966 693 1124 731 Libanio
1151 693 1356 739 Thucydidi
1388 693 1421 740 (1
1447 694 1504 739 49,
1525 693 1565 740 2).
1595 694 1656 730 de-

304 752 424 796 betur,
467 755 588 787 tamen
623 752 841 790 locutionem
882 751 1020 800 φόρους
1055 751 1267 799 ἐπιβάλλειν
1305 753 1489 789 Herodoto
1513 753 1655 798 tribuo,

303 809 365 853 qui
391 810 435 844 de
453 810 577 845 Persis
603 810 743 845 tributa
770 810 1001 854 exigentibus
1031 810 1122 845 dicit
1146 811 1164 845 I
1184 811 1271 846 106:
1307 809 1444 858 φόρον
1474 809 1657 858 ἔπρησσον

305 866 393 916 παρ’
430 866 590 905 ἑκάστων
625 866 667 905 τό
703 867 887 905 ἑκάστοισι
924 867 1175 916 ἐπέβαλλον.
1234 869 1372 905 Eadem
1408 869 1554 906 notione
1589 869 1657 906 hoc

307 930 457 965 verbum
485 929 581 973 apud
606 929 786 964 Aristot.
816 939 888 964 oec.
908 940 942 973 p.
959 929 1088 964 1353a
1108 929 1153 964 13
1180 932 1216 964 et
1240 929 1350 964 Plut.
1371 929 1502 965 Anton.
1522 929 1566 964 51
1596 930 1657 965 de—

303 986 550 1030 prehenditur.
603 986 710 1030 Apud
736 990 875 1022 oeteros
902 986 978 1021 alia
1004 986 1150 1022 notione
1177 989 1306 1022 exstat.

404 1043 697 1090 ἐπινέμεσθαι
731 1045 854 1087 (latius
884 1045 1008 1091 vayari
1033 1044 1092 1082 vel
1124 1045 1231 1081 latius
1261 1046 1383 1091 sparqi
1412 1057 1476 1090 per
1501 1046 1657 1091 aliquam

304 1104 390 1149 rem)
409 1105 505 1148 apud
523 1107 713 1147 utrumque
732 1105 775 1139 de
793 1104 960 1139 incendio
980 1104 1182 1148 adhibetur,
1201 1104 1302 1140 velut
1321 1105 1417 1149 apud
1434 1105 1656 1140 Herodotum

304 1163 336 1199 V
367 1162 452 1198 101:
491 1160 624 1199 αὐτίκα
657 1160 721 1198 ἀπ’
747 1161 864 1211 οἰκίης
899 1161 957 1199 ἐπ’
983 1161 1101 1211 οἰκίην
1136 1161 1190 1198 ἰόν
1222 1160 1268 1199 τὸ
1302 1164 1385 1212 πῦρ
1421 1161 1655 1210 ἐπενέμετο

305 1221 350 1258 τὸ
382 1220 490 1258 ἄστυ
519 1223 592 1258 πᾶν
626 1226 662 1258 et
693 1224 788 1267 apud
814 1222 1020 1266 Libanium‚
1056 1223 1118 1266 qui
1149 1223 1371 1258 Herodotum
1403 1223 1583 1268 imitatur,
1618 1224 1656 1258 in

304 1293 355 1317 or.
383 1282 472 1317 LIX
500 1282 588 1317 111:
624 1279 778 1329 πυρός,
805 1279 825 1317 ὃ
850 1280 924 1329 τὴν
950 1283 1054 1317 ναῦν
1080 1280 1344 1326 ἐπενείματο
1375 1279 1439 1329 την
1468 1282 1657 1318 Θετταλῶν
1718 1307 1720 1309 -

306 1344 341 1375 et
358 1340 397 1375 in
415 1341 485 1376 vol.
502 1340 554 1375 IV
566 1341 737 1384 935,5R:
765 1341 848 1388 πῦρ
866 1339 932 1384 μὲν
949 1339 1183 1384 ἐπενέμετο
1209 1339 1285 1385 τὴν
1299 1339 1515 1387 Πρωτεσίλα
1541 1342 1654 1380 ναῦν.

306 1399 457 1444 (Eodem
504 1400 608 1435 modo
654 1399 722 1434 hoc
763 1400 912 1434 verbum
958 1402 1134 1443 usurpant
1180 1399 1455 1445 Herodianus
1499 1399 1518 1434 I
1547 1399 1601 1444 14,
1621 1400 1654 1435 6.

305 1457 377 1493 VII
396 1458 467 1501 2,ss
507 1460 542 1492 et
580 1457 788 1502 Polybius
827 1457 916 1493 XIV
941 1457 974 1500 5,
992 1458 1040 1501 7.)
1092 1457 1198 1500 Apud
1233 1460 1372 1492 ceteros
1405 1457 1473 1492 hoc
1506 1459 1655 1493 verbum

305 1525 570 1559 nonnumquam
605 1516 728 1550 eadem
760 1515 906 1550 notione
933 1517 1068 1559 exstat,
1105 1515 1168 1550 sed
1194 1525 1273 1550 cum
1305 1515 1390 1552 aliis
1416 1515 1657 1551 substantivis

306 1575 540 1620 coniungitur
571 1575 672 1611 velut
705 1575 891 1620 Thucyd.
919 1574 956 1610 II
983 1574 1041 1619 54,
1060 1574 1101 1611 5:
1138 1573 1398 1620 ἐπενείματο
1430 1573 1469 1612 δὲ
1495 1568 1656 1623 Ἀθήνας

304 1633 370 1680 μὲν
395 1632 554 1679 μάλιστα
580 1633 672 1679 (scil.
702 1632 721 1680 ἦ
749 1631 906 1676 νόσος);
946 1633 1066 1668 Diod.
1087 1633 1157 1669 Sic.
1185 1633 1260 1668 XII
1290 1633 1350 1668 12:
1382 1631 1554 1681 καθάπερ
1580 1635 1656 1669 λοι-

304 1691 413 1741 μικην
439 1691 564 1729 νόσον
590 1691 883 1737 ἐπινέμεσθαι
912 1690 974 1728 τὸν
998 1692 1098 1738 βίον;
1133 1691 1181 1727 cf.
1209 1692 1298 1729 XIV
1316 1692 1381 1737 53;
1424 1692 1534 1728 Plut.
1554 1691 1655 1729 Caes.

308 1753 371 1796 19;
407 1752 530 1796 Pomp.
552 1752 608 1787 25.

403 1809 649 1858 ἐπιφοιτᾶν.
702 1809 878 1845 Libanius
912 1809 1003 1844 dicit
1038 1809 1126 1844 decl.
1155 1809 1193 1844 II
1220 1810 1285 1844 39:
1327 1807 1366 1844 εἰ
1398 1807 1443 1844 δέ
1476 1822 1544 1850 τις
1576 1810 1657 1844 τῶν

306 1870 451 1919 σοφῶν
478 1866 698 1914 δαιμόνων
725 1867 935 1917 ἐπιφοιτᾷ
960 1870 1042 1910 ταῖς
1067 1869 1139 1904 τῶν
1166 1868 1284 1916 φίλων
1313 1870 1461 1917 ψυχαῖς,
1489 1867 1551 1904 ubi
1577 1867 1657 1905 ἐπι-

305 1930 440 1977 φοιτᾶν
479 1929 523 1963 de
556 1928 777 1972 imaginibus
810 1938 876 1971 per
909 1938 1071 1963 somnum
1103 1927 1227 1962 animo.
1251 1927 1394 1962 oblatis.
1447 1928 1490 1962 In
1515 1928 1584 1963 hac
1617 1938 1657 1963 re

306 1988 432 2023 rhetor
458 1985 780 2022 Halicarnasseum
808 1989 951 2021 secutus
978 1989 1044 2030 est,
1073 1985 1168 2030 apud
1195 1995 1298 2029 quem
1325 1985 1479 2031 legimus
1502 1985 1573 2022 VII
1594 1986 1656 2022 15:

305 2044 562 2093 ἐπιφοιτέον
588 2043 760 2091 ὄνειρον
786 2043 1007 2091 φαντάζεταί
1038 2058 1101 2087 μοι
1128 2048 1164 2079 et
1189 2044 1261 2078 VII
1289 2045 1334 2079 16
1351 2049 1393 2090 ⁶⁹:
1427 2043 1500 2092 φῄς
1526 2058 1583 2080 τοι
1611 2065 1656 2070 -

305 2104 540 2153 ἐπιφοιτᾶν
570 2100 739 2151 ὄνειρον
772 2103 866 2140 θεοῦ
896 2114 994 2143 τινος
1025 2102 1156 2150 πομπῇ
1189 2102 1274 2149 (VII
1294 2103 1338 2138 16
1357 2115 1377 2148 γ
1410 2103 1477 2139 hoc
1508 2104 1657 2151 verbum

305 2165 428 2200 eadem
447 2163 594 2199 notione
613 2162 670 2198 bis
693 2161 838 2208 exstat).
874 2161 944 2197 Sed
968 2161 1077 2196 etiam
1095 2161 1280 2205 propriam
1303 2162 1485 2198 notionem
1506 2163 1658 2211 adeundi

304 2224 371 2259 hoc
397 2224 547 2259 verbum
574 2222 684 2257 habet
710 2221 807 2265 apud
834 2220 1054 2256 Herodotum
1083 2220 1101 2255 Ι
1130 2221 1216 2256 112;
1255 2219 1564 2269 ἐπιφοιτήσειν
1590 2219 1657 2269 γὰρ

304 2280 602 2322 κατασκόπους
644 2302 690 2306 -
731 2278 999 2328 ἐποψομένους.
1064 2279 1154 2315 Item
1195 2280 1469 2326 Thucydides
1508 2282 1657 2316 verbum

305 2345 457 2386 usurpat
494 2341 512 2376 I
539 2341 655 2386 81‚1:
705 2338 768 2388 τὴν
811 2340 875 2387 γῆν
918 2339 1049 2386 δῃοῦν
1087 2337 1406 2387 ἐπιφοιτῶντεςΙ
1448 2342 1483 2375 et
1521 2340 1540 2375 I
1567 2339 1654 2376 135:

306 2399 550 2448 ἐπιφοιτῶν
593 2400 634 2436 δὲ
676 2400 735 2435 καὶ
778 2398 819 2440 ἐς
861 2397 935 2446 τήν
978 2395 1110 2444 ἄλλην
1150 2397 1498 2445 Πελοπόννησον.
1550 2399 1657 2445 Apud

407 2527 427 2564 ¹)
449 2528 525 2556 Vide
546 2536 614 2565 pag.
638 2528 675 2555 22
