1848 2929
939 219 989 256 50

386 337 430 373 In
465 347 518 382 ep.
544 337 616 373 634
651 337 697 373 ad
723 336 866 373 Celsum
899 337 1010 374 missa
1044 337 1225 373 scribens:
1265 337 1326 373 καὶ
1356 331 1473 375 ἆθλον
1502 335 1643 384 ὑπέστη

287 395 376 432 ποτὲ
402 394 628 444 προσόμοιον
652 397 704 442 τῷ
730 394 917 444 Ζωπύρου
942 399 979 432 et
995 396 1103 441 paulo
1122 398 1219 440 post:
1258 392 1279 443 ἦ
1305 395 1345 431 δὲ
1371 390 1414 443 ἦν
1438 393 1642 436 ἀπόστασις

288 453 526 502 πεπλασμένη
552 454 732 491 Libanius
766 454 805 490 in
839 455 960 491 animo
991 455 1102 490 habet
1126 454 1229 490 illum
1255 454 1449 499 Zopyrum,
1484 454 1546 498 qui
1572 464 1641 497 quo

289 512 371 548 dolo
403 513 579 558 Dareum,
616 515 656 548 ut
686 512 881 558 Babylona
916 514 1041 549 urbem
1077 515 1318 558 expugnaret,
1359 511 1557 557 adiuverit,
1595 513 1640 548 ab

287 572 472 608 Herodoto
505 571 710 617 accepimus
744 570 817 618 (III
846 571 1063 618 153—158).
1114 571 1243 615 Itaque
1274 570 1521 616 cognoscitur,
1556 570 1643 615 quid

288 630 348 675 sit,
377 630 472 673 quod
489 629 669 665 Libanius
696 630 734 665 in
753 630 878 665 eadem
896 630 1055 675 epistula
1077 632 1239 665 extrema
1255 629 1412 665 scribat:
1439 629 1500 666 καὶ
1527 626 1643 669 οὕτως

288 686 374 725 οἷντὶ
400 689 465 738 τῆς
491 689 712 736 Βαβυλῶνος
737 688 883 734 εἴχομεν
909 686 1082 737 α’φορμὴν
1107 687 1162 730 εἷς
1187 687 1335 735 γέλωτα.

385 747 552 791 Denique
586 758 739 792 agamus
773 748 817 783 de
851 748 1035 783 nonnullis
1068 749 1192 792 rebus,
1230 757 1336 792 quas,
1371 757 1586 790 quamquam
1620 757 1643 782 a

288 805 447 841 Libanio
474 805 758 850 proverbialiter
791 806 868 842 fere
894 806 1128 851 adhibentur,
1161 809 1283 841 tamen
1308 805 1491 841 Herodoto
1519 804 1644 840 deberi

289 867 388 908 puto.
433 864 544 901 Velut
569 875 615 900 ex
641 864 699 908 iis,
728 874 820 908 quae
847 866 893 900 ab
912 864 1196 900 Halicarnasseo
1223 864 1267 899 de
1293 863 1440 908 regibus
1458 863 1643 909 Lydorum

290 925 499 968 narrantur,
525 922 660 958 multas
685 933 745 958 res
772 933 885 967 aeque
912 925 1020 966 atque
1047 922 1248 958 sententias
1273 921 1453 958 Libanius
1478 921 1642 966 sumpsit.

289 981 393 1025 Quod
420 981 458 1016 in
485 991 535 1016 or.
560 981 650 1016 LXI
676 982 699 1016 5
726 984 998 1016 commemorat:
1026 980 1177 1026 μεγέθει
1203 979 1367 1021 θυσίας
1394 978 1644 1027 ὑπερβαλόμε-

289 1051 351 1081 νος
377 1042 549 1087 Κροῖσον,
575 1039 756 1076 Libanius
774 1039 963 1085 significat
987 1049 1121 1084 magna
1148 1038 1214 1074 illa
1232 1039 1336 1083 dona,
1364 1049 1456 1083 quae
1474 1038 1644 1075 Croesum

288 1097 423 1141 templo
441 1097 626 1141 Apollinis
644 1097 816 1142 Delphici
839 1097 1007 1133 intulisse
1024 1097 1179 1141 legimus
1197 1098 1294 1141 apud
1319 1097 1405 1132 Her.
1425 1097 1444 1131 I
1461 1097 1526 1132 50:
1553 1095 1645 1142 μετὰ

289 1154 330 1192 δὲ
355 1156 470 1191 ταῦτα
505 1154 690 1203 θυσίῃσι
728 1153 942 1203 μεγάλῃσι
975 1153 1037 1191 τὸν
1064 1153 1101 1191 ἒν
1129 1156 1310 1203 Δελφοῖσι
1341 1152 1431 1192 θεὸν
1466 1153 1643 1191 ἱλάσκετο.

289 1214 390 1260 Quae
424 1214 540 1250 tradit
569 1214 776 1251 Herodotus
806 1215 840 1252 V
865 1214 953 1250 101:
993 1212 1055 1251 τὸν
1090 1212 1324 1250 Πακτωλὸν
1357 1212 1568 1259 ποταμόν,
1603 1211 1645 1253 ὃς

293 1285 360 1321 σφι
389 1272 482 1319 (scil.
510 1275 607 1309 τοῖσι
632 1275 814 1317 Λυδοῖσι)
841 1274 990 1320 ψῆγμα
1021 1274 1185 1321 χρυσοῦ
1209 1270 1491 1321 καταφορέων
1517 1271 1555 1307 ἐκ
1579 1273 1646 1307 τοῦ

298 1329 454 1376 Τμώλου
480 1329 542 1368 διὰ
567 1329 681 1378 μέσης
706 1333 771 1379 τῆς
796 1329 934 1379 ἀγορᾶς
960 1331 1026 1379 ῥεῖ,
1054 1332 1101 1367 ad
1126 1331 1216 1366 haec
1243 1331 1407 1375 sophista
1433 1330 1579 1375 saepius
1606 1341 1644 1366 se

292 1393 453 1434 revocat,
480 1390 582 1425 velut
608 1389 647 1425 in
674 1400 725 1425 or.
744 1390 837 1425 XXI
864 1390 928 1425 24:
964 1387 1038 1426 ἔδει
1064 1389 1130 1435 μὲν
1162 1384 1225 1424 οὖν
1256 1387 1342 1437 ὄρος
1367 1402 1406 1424 τε
1439 1388 1524 1437 ἡμῖν
1550 1384 1645 1424 εἶναι

291 1449 352 1484 καὶ
389 1446 587 1493 ποταμὸν
623 1447 803 1496 χρυσίον
838 1446 982 1496 ὥσπερ
1017 1450 1188 1489 Λυδοῖς
1223 1447 1412 1495 φέροντα
1447 1451 1483 1483 et
1519 1447 1556 1482 in
1593 1458 1643 1483 or.

291 1507 347 1541 XI
374 1507 461 1541 263:
489 1505 651 1552 τοσούτῳ
679 1508 803 1553 χρυσῷ
828 1504 937 1554 λιμὴν
964 1505 1002 1541 ἐκ
1027 1505 1165 1553 πέτρας
1191 1504 1388 1550 γενόμενος,
1416 1503 1517 1541 ὅσον
1543 1503 1592 1540 οὗ
1600 1506 1623 1540 δ
1629 1504 1646 1540 ὲ

292 1563 468 1612 Κροίσῳ
503 1562 739 1605 Πακτωλὸς
773 1563 1045 1612 ἑθησαύρισε
1084 1568 1120 1600 et
1153 1564 1191 1599 in
1232 1575 1285 1609 ep.
1314 1564 1403 1600 343:
1443 1561 1522 1600 ἀλλ’
1552 1562 1645 1600 ἔστω

291 1622 408 1663 πολὺς
435 1623 528 1669 (scil.
556 1623 707 1671 χρυσὸς)
739 1625 800 1660 καὶ
831 1621 931 1659 ὅσον
957 1623 976 1658 ὁ
1002 1621 1201 1668 ποταμὸς
1227 1622 1376 1660 ἐδίδου
1406 1625 1463 1669 τῷ
1489 1625 1646 1660 Λυδῶν

293 1681 466 1727 βασιλεῖ
521 1684 557 1717 et
599 1681 637 1717 in
680 1692 733 1726 ep.
764 1682 876 1717 1223:
931 1681 1169 1717 Πακτωλοῦ
1215 1679 1312 1721 τινὸς
1355 1679 1525 1727 δεόμενον
1575 1682 1646 1718 καὶ

300 1738 478 1785 Τμώλου
503 1741 568 1788 τῆς
592 1738 743 1788 Ἰνδικῆς
769 1744 805 1776 et
831 1740 869 1776 in
896 1751 950 1785 ep.
974 1741 1085 1775 1217:
1113 1738 1132 1777 ὁ
1158 1737 1356 1781 Πακτωλὸς
1381 1738 1483 1786 αὐτῷ
1506 1739 1645 1788 μικρόν.

293 1798 448 1834 Videtur
484 1798 599 1842 igitur
632 1799 810 1833 Libanius
847 1799 1035 1842 putavisse
1072 1798 1223 1833 divitias
1259 1798 1383 1834 Croesi
1420 1809 1464 1833 ex
1497 1798 1646 1833 Pactolo

292 1855 439 1892 flumine
478 1856 657 1901 originem
697 1856 854 1892 duxisse.
894 1877 941 1881 —
981 1856 1145 1901 Omnino,
1185 1857 1279 1900 quod
1318 1856 1414 1901 apud
1451 1856 1646 1892 Libanium

293 1914 419 1950 Croesi
447 1915 600 1950 divitiae
627 1925 736 1959 saepe
763 1915 1003 1959 celebrantur,
1032 1915 1079 1958 id,
1108 1925 1323 1958 quamquam
1350 1915 1436 1949 illae
1463 1915 1572 1949 etiam
1599 1916 1645 1949 ab

295 1973 381 2010 aliis
408 1973 651 2019 scriptoribus
669 1984 777 2019 saepe
804 1976 1129 2010 commemorantur
1141 1972 1178 2020 1),
1206 1976 1326 2009 tamen
1353 1974 1397 2009 ad
1425 1984 1468 2009 ea
1485 1973 1646 2009 referen-

295 2033 377 2067 dum
405 2036 470 2076 est,
499 2042 591 2075 quae
617 2033 825 2068 Herodotus
852 2033 896 2068 de
921 2033 1107 2078 Lydorum
1133 2032 1231 2076 regis
1257 2032 1439 2068 thesauris
1466 2032 1504 2067 in
1529 2032 1646 2076 primo

292 2090 387 2125 libro
414 2090 585 2134 tradidit3
621 2101 705 2126 nam
731 2101 823 2134 quae
841 2091 1047 2126 Herodotus
1074 2091 1118 2125 de
1144 2090 1275 2126 Croeso
1302 2094 1439 2135 narrat,
1467 2101 1511 2125 ea
1536 2100 1646 2134 saepe

293 2159 316 2184 a
350 2148 516 2193 sophista
548 2149 683 2194 respici
716 2149 790 2185 iam
825 2149 910 2185 aliis
941 2149 1032 2185 locis
1065 2148 1240 2194 vidimus;
1281 2149 1381 2185 velut
1412 2149 1502 2185 dicit
1535 2148 1646 2184 Liba—

293 2207 376 2242 nius
414 2207 453 2242 in
487 2218 541 2252 ep.
569 2208 680 2244 1041:
727 2206 768 2244 τό
806 2220 845 2254 γε
878 2205 1024 2249 τούτοις
1056 2208 1276 2256 τετιμῆσθαι
1310 2208 1393 2244 τῶν
1425 2205 1646 2244 ταλάντων

294 2264 490 2313 Κροίσου
516 2267 568 2312 τῷ
593 2278 631 2311 γε
658 2268 742 2301 νοῦν
768 2264 887 2309 ἔχοντι
913 2266 1048 2310 μεῖζον.
1092 2267 1135 2301 In
1161 2277 1214 2311 ep.
1233 2268 1327 2302 1329
1353 2267 1484 2303 scribit
1504 2266 1644 2302 rhetor:

394 2402 415 2440 ¹)
437 2401 525 2432 Conf.
548 2402 621 2431 Ach.
642 2402 711 2431 Tat.
738 2402 765 2438 6,
784 2403 833 2431 12:
865 2402 1083 2440 πλουσιώτερος
1104 2407 1246 2441 Κροίσου,
1289 2403 1360 2432 Luc.
1382 2403 1458 2431 Tim.
1480 2403 1534 2432 23:
1556 2405 1646 2432 πλου-

293 2450 437 2489 σιώτερον
466 2450 591 2490 σύναμα
622 2454 761 2489 Κροίσων
790 2452 954 2481 ἑκκαίδεκα.
998 2451 1088 2489 Greg.
1110 2452 1197 2488 Cypr.
1217 2461 1300 2488 prov.
1322 2451 1404 2480 Leid.
1426 2451 1453 2488 3,
1471 2452 1515 2482 15.
1557 2451 1645 2481 Mich.

292 2500 397 2536 Apost.
418 2508 503 2536 prov.
525 2498 616 2528 XVII
639 2499 684 2528 17.
