1848 2929
928 216 974 250 ‘14

374 331 597 380 καταγωγὴ
633 334 727 377 apud
764 333 986 368 Herodotum
1026 333 1044 368 I
1068 333 1135 368 181
1174 335 1359 379 (μεσοῦντι
1393 332 1434 370 δέ
1466 346 1531 369 κου
1563 335 1626 382 τῆς

275 390 475 438 ἀναβάσιος
492 391 570 428 ἐστὶ
593 390 812 439 καταγωγή
835 405 873 428 τε
891 391 952 427 καὶ
975 393 1093 429 θῶκοι
1116 390 1423 440 ἅναπαυστήριοι)
1441 391 1627 437 significat

276 451 387 486 locum
421 451 599 495 queml-ibet
632 451 692 485 ubi
722 451 931 495 requiescere
961 451 1125 497 possisf).
1178 452 1316 487 Eadem
1347 451 1493 486 notione
1516 450 1626 486 'adhi-

275 511 381 545 betur
407 509 673 545 substantivum
706 520 728 544 a
753 509 910 545 Libanio
943 509 981 544 in
1007 520 1057 545 or.
1086 510 1158 545 LII
1183 510 1249 546 35:
1284 508 1530 557 καταγωγήν
1561 507 1626 556 ἄρ-

276 580 403 611 χοντος
430 567 604 610 δέχεσθαι
632 568 843 608 συνουσίας,
876 578 944 611 quo
971 568 1051 603 loco
1078 579 1123 603 ex
1148 569 1332 603 Herodoto
1358 568 1507 612 pendet;
1542 578 1625 603 nam

275 625 313 660 in
332 626 456 660 eadem
475 626 706 669 paragrapho
725 626 850 661 rhetor
866 629 1019 670 usurpat
1036 626 1341 662 constructionem
1363 626 1497 670 μεσοῦν
1514 637 1624 667 τινος,

276 694 382 727 quam
409 684 447 718 in
475 684 597 719 eodem
625 684 688 719 illo
713 684 834 728 capite
852 685 1029 720 Herodoti
1057 688 1200 721 exstare
1219 684 1385 720 vidimus.
1429 684 1624 719 Praeterea

275 743 372 787 apud
403 742 599 778 Libanium
635 743 673 777 in
710 743 780 779 vol.
808 743 860 780 IV
889 743 994 788 1021,
1013 744 1035 779 5
1072 742 1142 787 ἐξω
1175 741 1349 791 θορύβων
1382 740 1626 790 καταγωγὴν

275 797 373 845 εἶχον
409 800 474 849 τήν
510 800 629 837 οἰκίαν
666 802 759 837 idem
794 802 1004 847 significans
1037 806 1156 838 exstat
1192 806 1228 838 et
1263 803 1359 847 apud
1389 801 1625 837 Lucianum

276 861 363 897 Tox.
392 861 438 896 57
485 864 522 897 et
557 862 709 897 merced.
740 862 840 898 cond.
862 862 917 898 >32
958 862 1081 898 eadem
1126 862 1271 898 notione
1313 861 1455 898 dicitur.
1518 860 1625 905 Apud

274 923 414 955 ceteros
440 920 516 955 alia
542 920 579 956 vi
606 920 751 964 legitur.

373 976 573 1025 *κομιδὴ.
633 979 713 1014 Hoc
751 978 1019 1014 substantivum
1059 979 1265 1014 Herodotus
1303 978 1450 1014 notione
1491 978 1626 1014 reditus

274 1037 423 1072 adhibet
462 1037 555 1073 VIII
583 1037 671 1072 108:
717 1035 800 1073 οὔτε
839 1050 895 1078 τις
927 1035 1084 1084 κομιδὴ
1124 1035 1164 1073 τὸ
1195 1035 1316 1073 ὀπίσω
1352 1035 1553 1085 φανήσεται
1589 1039 1625 1072 et

272 1094 345 1131 VII
375 1095 460 1130 170:
501 1092 674 1141 οὐδεμίην
711 1093 778 1142 γάρ
818 1106 907 1142 σφιν
944 1093 998 1130 ἔτι
1037 1093 1219 1142 κομιδὴν
1258 1116 1304 1120 -
1341 1091 1544 1142 φαίνεσθαι
1588 1097 1624 1130 et

273 1153 365 1190 VIII
395 1154 455 1189 19:
489 1155 641 1202 κομιδῆς
668 1152 707 1191 δὲ
734 1153 820 1202 περὶ
847 1153 912 1202 τὴν
938 1151 1035 1202 ὥρην
1061 1152 1160 1201 αὐτῷ
1185 1153 1365 1202 μελήσειν,
1397 1164 1488 1198 quae
1514 1152 1624 1189 Liba-

273 1213 355 1248 nius
389 1208 555 1248 imitatur
589 1213 627 1248 in
660 1213 748 1248 decl.
778 1214 795 1248 Ι
825 1214 911 1248 123;
953 1211 1128 1249 Ὀδυσσέα
1160 1234 1205 1238 -
1242 1211 1287 1248 τὰ
1320 1213 1381 1247 καὶ
1411 1210 1457 1247 τὰ
1488 1225 1623 1247 πεπον-

275 1270 382 1306 θέναι
420 1292 531 1296 --
561 1269 606 1306 τοὶ
643 1270 709 1315 μὲν
745 1269 787 1305 ἐν
825 1273 875 1318 τῇ
913 1271 1085 1318 κομιδῇ,
1123 1269 1169 1305 τοὶ
1205 1269 1245 1307 δὲ
1275 1271 1382 1315 οἲκοι;
1423 1270 1461 1305 in
1491 1270 1620 1315 Odyss.

273 1330 328 1365 IX
347 1330 418 1365 232
444 1329 712 1365 substantivum
732 1330 774 1365 de
798 1329 945 1365 navium
963 1330 1128 1365 vectione
1147 1329 1282 1365 dicitur
1299 1329 1400 1374 (item
1418 1329 1456 1364 in
1473 1329 1620 1374 Polyb.

272 1388 328 1423 IX
345 1389 404 1432 43,
424 1388 460 1434 6)
490 1391 525 1423 et
550 1388 588 1423 in
607 1388 752 1434 Synes.
773 1398 827 1432 ep.
843 1388 890 1423 55
912 1388 1208 1432 (epistolograph.
1223 1388 1351 1424 Graec.
1371 1387 1424 1422 ed.
1445 1386 1621 1434 Hercher)

272 1446 459 1491 significat
484 1447 727 1490 portationem
754 1447 910 1482 alicuius
936 1446 990 1481 rei
1014 1446 1071 1481 vel
1099 1457 1274 1491 personae
1301 1450 1337 1481 et
1361 1446 1459 1492 apud
1483 1449 1622 1481 ceteros

271 1509 335 1541 aut
361 1505 654 1550 importationem
682 1509 745 1541 aut
771 1505 1004 1541 curationem.

369 1566 387 1586 *
401 1562 513 1612 πρόσ
519 1577 540 1608 χ
549 1578 600 1611 'Mt
609 1577 642 1600 α.
686 1564 864 1599 Libanius
884 1564 950 1599 hoc
973 1563 1239 1600 substantivum
1258 1563 1403 1599 notione
1431 1564 1622 1599 ornamenti

270 1623 328 1660 vel
362 1623 494 1659 decoris
530 1623 679 1658 adhibet
721 1622 758 1657 in
794 1622 883 1658 decl.
915 1623 967 1659 VI
993 1622 1040 1658 55
1075 1620 1325 1670 (πρόσχημα
1363 1623 1437 1669 τῆς
1474 1620 1621 1661 Ἀσίας

271 1681 449 1730 πρότερον
472 1677 563 1717 οὖσα
583 1680 675 1728 [scil.
697 1680 717 1729 ἡ
741 1680 868 1729 Τροία]
896 1682 929 1716 h.
946 1692 974 1716 e.
996 1681 1106 1717 Troia
1123 1685 1196 1717 erat
1210 1681 1321 1716 Asiae
1337 1680 1454 1727 decus)
1477 1684 1621 1716 secutus

270 1741 503 1784 Herodotum,
532 1740 594 1784 qui
622 1751 745 1777 vocem
771 1740 956 1776 simillime
983 1740 1131 1775 adhibet
1157 1740 1188 1775 V
1215 1740 1281 1775 28:
1308 1737 1399 1775 κατά
1424 1737 1495 1776 τὸν.
1512 1736 1622 1774 αὐτὸν

270 1798 398 1847 χρόνον
438 1798 459 1846 ἡ
490 1798 691 1846 Μίλητος
729 1797 822 1846 αὐτή
859 1811 898 1834 τε
936 1797 1073 1847 ἑωυτῆς
1111 1797 1269 1844 μάλιστα
1308 1796 1354 1846 δὴ
1388 1796 1469 1834 τότε
1506 1796 1621 1843 ἀκμά-

271 1858 451 1895 σασαικαὶ
478 1856 522 1906 δὴ
548 1859 609 1895 καὶ
636 1860 709 1905 τῆς
732 1856 889 1905 Ἰωνίης
916 1853 962 1905 ἦν
989 1856 1237 1905 πρόσχημα;
1272 1868 1355 1893 nam
1373 1861 1524 1901 utroque
1541 1857 1620 1894 loco

269 1929 341 1954 vox
377 1918 419 1952 de
456 1916 607 1952 urbibus
643 1917 850 1960 adhibetur,
888 1927 980 1959 quae
1013 1920 1134 1952 terrae
1169 1916 1326 1951 alicuius
1360 1917 1490 1952 decora
1525 1919 1618 1952 sunt.

269 1976 393 2019 Aeque
420 1978 617 2018 usurpatur
643 1976 688 2009 ab
722 1975 918 2010 Aristide
948 1975 1147 2010 Panathen.
1176 1985 1209 2018 p.
1232 1974 1311 2019 158,
1327 1975 1360 2019 8,
1393 1975 1455 2018 qui
1481 1978 1517 2011 et
1542 1975 1620 2019 ipse

267 2034 307 2070 in
337 2034 406 2069 hac
439 2043 479 2068 re
511 2043 556 2068 ex
587 2032 771 2068 Herodoto
798 2032 888 2067 mihi
919 2032 1064 2068 videtur
1089 2033 1277 2077 pendere3‘
1298 2033 1360 2068 sed
1387 2033 1497 2069 etiam
1524 2034 1620 2078 apud

268 2093 415 2138 Polyb.
443 2092 501 2128 III
530 2091 587 2136 15,
607 2091 644 2135 33
679 2091 789 2127 Plut.
809 2091 914 2126 Alex.
937 2092 997 2135 17;
1033 2091 1170 2127 Strab.
1199 2102 1232 2136 p.
1252 2092 1315 2136 45;
1353 2091 1516 2137 Ioseph.
1545 2096 1618 2128 ant.

269 2151 398 2188 XVIII
424 2152 457 2194 2,
478 2152 496 2185 1
527 2153 658 2186 exstat.

368 2209 521 2254 σχεδία
555 2209 652 2254 apud
683 2208 906 2244 Herodotum
940 2208 990 2245 IV
1014 2209 1071 2244 88.
1091 2209 1148 2245 89.
1168 2210 1225 2245 97.
1245 2210 1302 2246 98.
1330 2210 1362 2247 V
1381 2210 1438 2246 23.
1464 2209 1538 2247 ,VII
1560 2210 1618 2247 36.

269 2270 360 2304 VIII
387 2270 444 2304 97.
468 2269 536 2304 107
569 2268 754 2312 significat
779 2271 925 2311 pontem
953 2278 997 2302 ex
1022 2271 1182 2312 tempore
1209 2269 1346 2304 factum
1372 2279 1485 2312 aeque
1512 2273 1620 2313 atque

268 2328 307 2363 in
333 2327 533 2373 Aeschyl.
561 2327 660 2363 Pers.
682 2327 740 2362 69.
782 2326 1004 2362 Herodotum
1031 2326 1195 2363 imitatus
1220 2327 1399 2364 Libanius
1432 2328 1500 2363 hoc
1535 2328 1619 2364 sub-

269 2387 467 2424 stantivum
495 2387 619 2422 eadem
646 2386 712 2422 illa
730 2384 877 2421 notione
903 2386 1051 2422 adhibet
1076 2386 1115 2422 in
1142 2397 1191 2422 or.
1211 2386 1300 2422 LIX
1319 2386 1407 2431 1143
1442 2387 1506 2423 sed
1524 2387 1619 2432 apud

370 2513 390 2550 ¹)
412 2513 434 2542 Ι,
451 2513 799 2551 Schweighaeuser,
823 2512 952 2543 Lexicon
974 2513 1186 2551 Hermioteum,
1209 2515 1370 2553 Argentor.
1394 2514 1470 2544 1824
1491 2523 1514 2545 s.
1530 2523 1557 2544 v.
