1848 2929
976 213 1023 248 48

320 328 511 373 χαλκέων
537 328 702 376 ἀνδρῶν
728 328 992 377 ἐπιφανέντων.
1035 331 1093 366 καὶ
1120 330 1171 375 τῷ
1196 328 1262 374 μὲν
1288 327 1332 376 δὴ
1358 328 1512 376 α’πιστίη
1536 328 1673 376 μεγάλη

319 386 518 432 ὑπεκέχυτο
555 387 760 431 χαλκέους
796 386 832 423 οἱ
869 386 1029 436 ἄνδρας
1069 385 1168 436 ἥξειν
1210 386 1447 436 ἐπικούρους;
1493 390 1529 423 et
1564 387 1673 432 paulo

320 451 419 492 post:
465 445 625 494 ἀγγέλλει
664 449 735 483 ’τῶν
768 460 827 488 τις
861 446 1076 494 Αἰγυπτίων
1112 469 1158 472 -
1194 445 1244 487 ὠς
1277 445 1341 483 οὐκ
1376 445 1463 484 ἰδιιῖν
1496 446 1675 495 πρότερον

319 506 440 552 χαλκῷ
465 504 599 553 ἄνδρας
624 505 885 547 ὁπλισθέντας,
918 504 968 547 οἷς
994 505 1167 550 χάλκεοι
1193 503 1349 553 ἄνδρες
1374 503 1569 551 ἀπιγμένοι
1596 503 1674 541 α’πὸ

320 563 514 611 θαλάσσης
539 565 749 611 λεηλατεῦσι
776 563 818 599 τὸ
845 564 983 601 πεδίον.

420 624 524 670 Quod
549 623 728 659 Libanius
756 623 793 659 in
820 634 871 659 or.
891 624 1013 661 LXIV
1033 624 1080 660 20
1106 624 1327 669 interrogat:
1355 624 1392 660 τί
1418 622 1459 659 δὲ
1485 622 1506 671 ἡ
1534 622 1673 658 Γλαύ-

321 695 396 718 κου
429 684 505 718 τοῦ
535 681 648 718 Χίου
682 681 788 729 τέχνη
821 681 899 718 κατ’
923 680 1041 731 οἷρχοὶς
1075 678 1127 731 ἦν,
1162 683 1218 719 his
1244 682 1366 719 verbis
1400 682 1584 727 significat
1618 693 1671 727 ea,

321 752 413 785 quae
439 742 645 778 Herodotus
677 741 791 777 tradit
824 742 842 777 I
870 742 935 777 25:
974 741 1171 777 Γλαύκου
1202 743 1276 777 τοῦ
1302 741 1414 777 Χίου
1445 742 1599 788 ποίημα,
1633 739 1674 781 ὃς

318 802 454 845 μοῦνος
487 798 532 847 δὴ
558 798 703 835 πάντων
727 798 939 848 ἀνθρώπων
965 799 1119 848 σιδήρου
1152 799 1321 848 κόλλησιν
1355 799 1488 848 ἐξεῦρε.
1541 799 1674 845 Quam-

319 867 427 903 quam
462 859 506 894 de
547 858 671 895 eodem
712 858 855 895 artifice
898 859 1008 895 etiam
1041 859 1286 895 Pausanias
1333 859 1370 894 X
1398 859 1455 904 16,
1481 860 1499 894 1
1534 862 1672 904 narrat,

319 921 441 954 tamen
475 918 542 953 illa
572 918 722 953 Libanii
754 919 867 954 verba
901 919 948 953 ad
979 919 1202 954 Herodotum
1236 919 1429 954 referenda
1463 928 1541 954 esse
1574 921 1672 963 puto,

320 977 406 1021 quia
431 977 613 1013 rhetorem
632 977 824 1021 quicquam
842 977 1048 1013 Pausaniae
1066 978 1197 1013 debere
1223 977 1322 1013 nullo
1340 977 1419 1013 loco
1447 980 1545 1013 certo
1569 976 1673 1013 affir-

319 1040 457 1080 matur3
484 1040 677 1080 praeterea
693 1037 898 1072 Pausanias
925 1037 989 1072 illo
1008 1036 1088 1072 loeo
1113 1041 1149 1071 et
1166 1036 1244 1080 ipse
1264 1047 1308 1071 ex
1326 1036 1511 1072 Herodoto
1529 1036 1670 1080 pendet.

417 1095 461 1130 In
487 1105 539 1131 or.
558 1094 614 1131 XI
633 1095 703 1131 267
731 1105 1033 1131 commemorans:
1062 1085 1273 1143 λαμπτῆρες
1300 1117 1345 1121 -
1372 1093 1437 1143 τὴν
1456 1093 1673 1141 Αἰγυπτίων

319 1154 580 1197 λυχνοκαΐαν
619 1152 814 1202 παριόντες
849 1155 974 1190 rhetor
1015 1158 1157 1198 spectat
1193 1156 1239 1189 ad
1281 1154 1348 1189 illa
1383 1165 1490 1189 sacra
1525 1154 1672 1199 Aegyp-

319 1213 453 1248 tiorum
487 1212 753 1257 anniversaria,
790 1214 833 1248 de
867 1212 998 1256 quibus
1040 1216 1167 1248 narrat
1200 1212 1406 1256 Herodotus
1440 1211 1479 1247 II
1505 1212 1569 1247 62:
1609 1212 1673 1260 τῆς

319 1272 457 1319 θυσίης
483 1269 521 1308 ἐν
539 1272 584 1320 τῇ
609 1272 709 1308 νυκτὶ
736 1270 848 1316 λύχνα
873 1272 1018 1308 καίουσι
1040 1270 1175 1312 πάντες
1200 1270 1318 1308 πολλὰ
1336 1272 1422 1319 περὶ
1448 1269 1493 1306 τὰ
1521 1270 1671 1316 δώματα

319 1329 436 1376 κύκλῳ
465 1334 501 1366 et
526 1330 630 1367 brevi
649 1331 769 1375 spatio
796 1331 1004 1366 intermisso
1031 1331 1076 1378 τῇ
1101 1330 1189 1378 ὁρτῇ
1215 1329 1351 1375 οὔνομα
1376 1329 1493 1366 κέεται
1521 1331 1671 1373 λυχνο-

318 1389 451 1438 καΐηι).
504 1389 555 1426 Et
588 1400 632 1427 ea
659 1400 750 1435 quae
781 1389 1049 1427 Themistius
1089 1390 1131 1426 de
1166 1389 1243 1427 illis
1277 1389 1392 1427 saeris
1432 1389 1470 1426 in
1504 1400 1554 1426 or.
1583 1388 1671 1436 IV2)

320 1460 354 1493 p.
371 1450 429 1493 59,
449 1450 562 1493 4sqq.
590 1453 729 1493 narrat,
763 1460 807 1485 ex
840 1450 1025 1485 Herodoto
1053 1450 1214 1485 delibata
1245 1454 1329 1484 sunt
1359 1453 1395 1484 et
1420 1449 1576 1484 Pollux
1600 1449 1672 1484 VII
1689 1464 1697 1470 ·

322 1508 391 1543 178
418 1508 485 1544 hoe
512 1518 641 1544 nomen
668 1509 764 1553 apud
790 1508 1012 1544 Herodotum
1039 1507 1198 1544 inveniri
1225 1507 1325 1544 dicit.

417 1568 467 1602 Et
493 1578 572 1603 cum
599 1567 691 1603 dicit
717 1568 754 1602 in
782 1578 833 1603 Or.
853 1568 1003 1603 XXXII
1022 1568 1086 1603 23:
1123 1566 1157 1602 εἰ
1182 1566 1223 1604 δὲ
1249 1566 1468 1615 Μενέᾷημος
1493 1566 1672 1615 πρότερον

319 1624 385 1671 μὲν
411 1624 477 1661 οὐκ
504 1620 546 1673 ἦν
572 1625 692 1673 φίλος,
719 1627 781 1661 νῦν
808 1625 859 1667 δέ,
886 1625 922 1661 τί
948 1625 1182 1670 θαυμαστόνς
1216 1624 1310 1661 πολι)
1332 1618 1403 1674 γὰρ
1431 1624 1475 1673 δὴ
1500 1626 1608 1661 τοῦτο
1635 1624 1672 1661 ἑν

317 1687 395 1725 τοῖς
425 1686 497 1720 τῶν
523 1683 737 1733 ἀνθρώπιον
763 1683 973 1733 πράγμασιν
999 1707 1045 1711 —-
1065 1706 1110 1710 —-
1138 1685 1242 1730 ἰ’σμεν
1273 1684 1313 1722 δὲ
1343 1683 1419 1726 τὰς
1449 1682 1565 1733 παρὰ
1590 1685 1672 1720 τῶν

317 1743 520 1791 Ἑλλήνων
545 1742 600 1785 ὠς
624 1742 698 1779 τὸν
724 1743 897 1791 Πέρσην
924 1743 1181 1792 πρεσβείας,
1208 1754 1325 1779 nonne
1351 1743 1390 1779 in
1415 1743 1535 1779 animo
1562 1744 1672 1779 habet

317 1803 403 1839 illos
429 1803 588 1849 legatos,
622 1813 710 1847 quos
737 1814 759 1840 a
785 1803 1029 1840 Themistocle
1061 1803 1107 1840 ad
1133 1803 1293 1839 Xerxem
1319 1802 1449 1839 missos
1476 1813 1555 1839 esse
1580 1802 1672 1848 legi-

317 1873 397 1897 mus
424 1863 520 1906 apud
546 1863 632 1897 Her.
652 1863 743 1898 VIII
763 1863 809 1898 75
837 1866 872 1897 et
901 1864 980 1906 110,
1009 1866 1045 1898 et
1071 1862 1166 1907 illos,
1194 1872 1282 1905 quos
1307 1861 1484 1906 Pelopida
1510 1862 1599 1897 duce
1625 1861 1672 1897 ad

317 1931 442 1966 regem
480 1921 674 1957 Persarum
713 1921 857 1957 venisse
895 1921 1011 1956 tradit
1047 1921 1284 1965 Xenophon
1322 1919 1418 1956 Hell.
1445 1920 1517 1957 VII
1545 1921 1577 1964 1,
1596 1921 1671 1956 33?

316 1989 401 2014 nam
428 1979 701 2022 Themistocles,
738 1979 800 2022 qui
827 1979 1114 2023 Atheniensium,
1150 1978 1286 2014 Xerxis
1312 1978 1479 2023 hostium,
1516 1978 1671 2023 impera-

318 2041 377 2073 tor
403 2041 469 2082 est,
506 2048 586 2074 cum
620 2038 667 2073 ad
693 2037 795 2073 illum
829 2038 958 2082 mittit,
995 2037 1056 2081 qui
1083 2038 1126 2073 de
1160 2037 1236 2073 eius
1267 2038 1450 2074 commodo
1484 2038 1671 2082 suadeant,

318 2097 427 2132 amici
454 2100 579 2141 partes
606 2096 696 2141 agit,
726 2100 761 2131 et
787 2097 882 2140 apud
908 2097 1183 2141 Xenophontem
1209 2096 1324 2140 legati
1349 2096 1582 2141 Graecorum,
1610 2096 1672 2140 qui

318 2158 427 2191 antea
454 2156 649 2191 Persarum
683 2155 806 2191 hostes
838 2165 979 2200 semper
1012 2155 1173 2200 fuerant,
1209 2158 1283 2191 tum
1311 2155 1472 2192 Graecos
1507 2155 1672 2192 amicitia

318 2225 397 2250 eum
423 2225 509 2259 rege
535 2215 730 2250 Persarum
757 2214 955 2249 conciliare
981 2214 1203 2249 studuerunt.

419 2272 523 2317 Quod
548 2272 729 2308 Libanius
761 2272 799 2307 in
826 2282 876 2307 or.
905 2272 973 2308 XV
991 2272 1038 2307 59
1065 2276 1336 2308 commemorat:
1371 2271 1568 2314 Αἰθίοπας
1593 2270 1671 2318 οἶμ-

318 2330 551 2380 φοτέρους,
586 2332 653 2367 hoc
686 2335 722 2367 et
753 2331 871 2375 ipsum
898 2331 1181 2368 Halicarnasseo
1209 2332 1374 2376 debetur,
1409 2331 1471 2375 qui
1502 2332 1601 2367 solus
1627 2342 1671 2367 ex

419 2430 440 2465 ¹)
461 2429 575 2458 Eadem
590 2429 809 2466 Aegyptiorum
825 2436 912 2457 sacra
927 2431 1199 2458 commemorantur
1214 2428 1293 2465 apud
1308 2428 1487 2458 Dioneass.
1495 2428 1622 2458 LXXIX
1634 2428 1671 2458 16

319 2479 351 2506 et
371 2477 475 2508 Ioann.
491 2478 595 2508 Tzetz.
618 2477 689 2508 hist.
711 2477 760 2507 III
781 2486 807 2508 v.
824 2477 871 2507 50.

418 2528 439 2563 ²)
462 2528 644 2556 Inscribitur
666 2531 719 2560 Εἰς
740 2526 793 2556 τὸν
814 2524 1018 2565 αὖτοκράτορα
1041 2526 1263 2556 Κωνστάντιον.
