1848 2929
852 214 900 251 85

307 329 379 367 διά
416 329 555 378 μάχης
593 330 741 369 ἐλθεῖν
784 333 877 378 (rem
916 333 1003 368 aciei
1040 331 1275 376 committere).
1333 329 1558 364 Herodotum

210 391 388 425 dicentem
414 389 466 425 VI
492 390 533 424 9:
569 388 603 424 εἰ
637 390 677 426 δὲ
709 391 823 426 ταῦτα
854 390 922 435 μὲν
955 389 1000 426 οὕ
1026 388 1234 437 ποιήσουσι,
1269 387 1306 423 οἱ
1339 387 1380 424 δὲ
1412 385 1559 426 πάντως

210 445 445 495 διαμάχης
479 446 732 485 ἐλεύσονται
771 449 949 485 Libanius
984 449 1149 484 imitatur
1182 448 1221 483 in
1255 458 1305 483 or.
1334 445 1464 482 XVIII
1490 446 1556 480 91:

209 504 335 542 οὔποτ’
359 504 403 542 ἂν
436 501 543 554 ἦλθε
574 505 647 544 διὰ
676 506 813 555 μάχης
844 506 1003 554 ἐγνωκώς
1033 505 1092 544 αἐὶ
1123 505 1269 552 μέλλειν
1302 509 1338 541 et
1368 514 1435 550 per
1467 504 1558 540 ima-

209 565 330 611 ginem
347 565 564 601 locutionem
583 566 731 602 adhibet
749 566 787 602 in
805 567 936 611 ep.602
965 564 1038 604 διά
1062 564 1201 613 μάχης
1227 563 1384 613 ἔφασκεν
1407 562 1558 599 ἐλθεῖν

211 637 280 660 σοι.
326 624 503 660 Similiter
536 624 626 660 dicit
659 625 962 661 Halicarnasseus
998 626 1017 660 Ι
1045 626 1132 661 169;
1177 624 1213 660 οἱ
1246 623 1278 660 δ’
1304 622 1408 659 ἄλλοι
1434 621 1558 662 Ἴωνες

210 704 257 708 -
283 680 356 720 διά
381 680 519 730 μάχης
543 682 609 728 μὲν
634 681 844 720 ἀπίκοντο
869 682 1048 731 Ἁρπάγῳ.

307 741 409 788 *γῆν
435 742 577 777 πᾶσαν
603 740 811 785 ἐπισχεῖν.
847 742 997 778 Libanii
1023 744 1135 778 verba
1160 742 1199 777 in
1226 753 1276 777 or.
1293 741 1369 777 XII
1389 741 1453 776 13:
1481 739 1557 787 τὴν

210 798 466 847 οἰκουμένην
491 798 663 837 ἅπασαν
691 799 793 849 ἡλίου
819 800 920 847 δίκην
946 800 1117 844 ἐπέχειν
1143 804 1179 836 et
1203 800 1287 845 ipsa
1311 801 1359 836 ad
1377 799 1556 835 Herodoti

211 859 465 894 auctoritatem
490 860 682 894 referenda
699 863 792 903 sunt,
820 860 881 902 qui
898 860 971 896 VII
990 860 1034 894 19
1061 863 1205 894 narrat:
1233 857 1349 895 ἐδόκει
1376 857 1397 894 ὁ
1416 856 1556 905 Ξέρξης

209 916 302 964 (scil.
332 915 370 952 ἐν
402 918 453 963 τῷ
485 915 605 963 ὕπνῳ)
644 916 924 966 ἐστεφανῶσθαι
958 916 1081 965 ἐλαίης
1119 917 1264 963 θαλλῷ,
1302 914 1377 953 οἶπὸ
1417 916 1458 953 δὲ
1490 917 1555 964 τῆς

209 974 331 1022 ἐλαίης
356 974 441 1016 τούς
466 974 620 1015 κλάδους
645 977 717 1023 γῆν
742 978 881 1012 πᾶσαν
907 974 1105 1019 ἐπισχεῖν
1117 976 1154 1022 ¹).

308 1035 413 1081 *γῆν
446 1033 795 1082 περιτέμνεσθαι
825 1034 960 1082 (terrae
989 1038 1203 1080 eoepuynatae
1230 1038 1366 1079 partem
1399 1034 1468 1069 sibi
1498 1034 1552 1069 di-

209 1093 389 1136 scribere).
458 1093 558 1138 Quae
606 1093 811 1128 Herodotus
856 1093 909 1130 IV
939 1094 1007 1128 159
1045 1093 1151 1129 dicit:
1205 1091 1464 1137 συλλεχθέντος
1513 1091 1553 1129 δὲ

209 1150 339 1195 ὁμίλου
372 1151 513 1186 πολλοῦ
545 1150 582 1191 ἐς
615 1149 677 1197 τὴν
704 1149 874 1197 Κυρήνην
907 1150 1277 1197 περιταμνόμενοι
1309 1153 1382 1198 γῆν
1415 1149 1552 1197 πολλὴν

209 1207 245 1245 οἱ
269 1209 451 1257 περίοικοι
468 1208 611 1255 Λίβυες
637 1230 684 1234 -
703 1230 750 1234 -
775 1206 907 1245 ε”δοσάν
932 1222 1047 1257 σφεας
1073 1207 1205 1250 αὐτοὺς
1230 1207 1372 1257 Ἀπρίῃ,
1399 1210 1488 1245 haec
1513 1209 1552 1244 in

209 1268 329 1303 animo
372 1268 482 1303 habet
521 1268 715 1312 Liba-nim,
755 1278 835 1303 cum
874 1268 964 1303 dicit
1005 1268 1044 1302 in
1087 1268 1175 1303 decl.
1203 1268 1255 1304 IV
1272 1269 1337 1303 44:
1372 1267 1406 1304 εἰ
1440 1289 1486 1293 -
1504 1289 1551 1293 —-

209 1324 592 1374 περιετεμνόμεθα
631 1327 704 1374 γῆν
739 1326 812 1361 κτλ.
864 1327 971 1370 Apud
1012 1326 1105 1362 alios
1145 1326 1362 1362 locutionem
1404 1327 1551 1362 eandem

208 1395 280 1420 non
305 1384 612 1429 deprehendimus.
1102 1400 1104 1402 ·

309 1442 597 1492 κατορύσσειν
622 1443 769 1488 ζῶντα,
813 1443 855 1479 In
882 1455 937 1488 ep.
955 1443 1025 1479 730
1042 1444 1220 1480 Libanius
1243 1443 1388 1479 scribit:
1415 1444 1552 1489 μᾶλλον

209 1501 411 1539 α’ποδοῦναι
438 1501 544 1551 χάριν
570 1501 592 1550 ἢ
617 1502 737 1550 ζητεῖν
762 1500 997 1550 κατορύξαι
1024 1502 1177 1546 §dmm
1218 1503 1311 1537 hano
1336 1502 1550 1538 locutionem

211 1565 246 1597 et
272 1561 389 1606 ipsam
414 1561 657 1597 Herodoteam
685 1571 763 1597 esse
795 1571 934 1607 censeo,
979 1561 1041 1605 qui
1074 1572 1153 1597 eam
1179 1562 1329 1606 praebet
1364 1561 1436 1598 VII
1463 1562 1550 1596 114:

208 1618 327 1656 Ἐννέα
360 1619 400 1656 δὲ
440 1618 549 1660 ὁδούς
594 1618 867 1665 πυνθανόμενοι
912 1618 976 1656 τὸν
1009 1622 1127 1667 χῶρον
1177 1622 1304 1656 τοῦτον
1344 1619 1550 1661 καλέεσθαι,

207 1677 404 1719 τοσούτους
438 1677 476 1713 ἐν
501 1676 601 1725 αύτῷ
633 1677 771 1719 παῖδάς
801 1692 841 1713 τε
873 1680 934 1715 καὶ
968 1677 1179 1726 παρθένους
1204 1677 1343 1727 ἀνδρῶν
1368 1680 1438 1714 τῶν
1471 1677 1549 1713 ἐπι-

207 1737 350 1785 χωρίων
389 1735 578 1781 ζώοντας
614 1735 892 1785 κατώρυσσον
931 1737 1024 1785 (scil.
1064 1736 1100 1774 οἱ
1140 1737 1310 1786 Πέρσαι).
1369 1735 1550 1784 Περσικὸν

209 1795 249 1833 δὲ
281 1795 322 1833 τὸ
362 1795 552 1840 ζώοντας
586 1795 870 1844 κατορύσσειν
909 1800 945 1832 et
980 1797 1039 1831 III
1064 1797 1129 1832 35:
1181 1795 1338 1843 ἑτέρωθι
1376 1796 1415 1831 δὲ
1457 1795 1549 1841 (scil.

210 1852 229 1890 ὁ
259 1853 494 1902 Καμβύσης)Δ
521 1853 696 1902 Περσέων
737 1853 888 1899 ὁμοίους
929 1856 1028 1890 τοῖσι
1068 1852 1249 1902 πρώτοισι
1291 1851 1451 1890 δυώδεκα
1492 1851 1550 1888 ἐπ’

208 1911 362 1962 οὐδεμιῇ
387 1912 487 1962 αἰτίῃ
514 1912 691 1961 ἀξιόχρεῳ
722 1911 813 1950 ἑλών
839 1912 1027 1957 ζώοντας
1053 1912 1116 1949 ἐπὶ
1140 1911 1298 1961 κεφαλὴν
1322 1910 1548 1959 κατώρυξε.

206 1973 306 2009 Idem
331 1973 510 2018 repetitur
536 1984 558 2009 a
583 1973 741 2010 Libanio
768 1973 807 2009 in
832 1973 902 2010 vol.
922 1973 974 2011 IV
992 1973 1075 2018 678,
1096 1973 1142 2009 15
1156 1983 1207 2017 sq.
1226 1973 1274 2008 R:
1302 1970 1320 2008 ὁ
1347 1970 1386 2009 δὲ
1411 1970 1549 2019 μηδένα

206 2030 416 2080 ἀνθρώπων
433 2032 525 2078 (scil.
546 2031 712 2081 ἐλεήσας)
730 2031 880 2073 δικαίως
896 2030 939 2068 ἂν
964 2031 1277 2080 κατορύττοιτο
1303 2031 1392 2074 ζῶν.
1426 2030 1550 2065 Etiam

207 2092 444 2137 Xenophon
477 2102 578 2128 mem.
606 2092 625 2127 Ι
651 2092 684 2137 2,
703 2092 751 2128 55
787 2089 846 2138 (οὐ
880 2094 943 2127 τὸν
979 2090 1046 2137 μὲν
1082 2089 1224 2139 πατέρα
1260 2090 1393 2134 ζῶντα
1425 2101 1550 2125 κατο-

208 2149 380 2198 ρύττειν
422 2149 619 2192 διδάσκων,
662 2149 792 2186 ἑαυτὸν
834 2150 874 2186 δὲ
916 2149 1172 2195 κατατέμνειν)
1215 2153 1250 2184 et
1290 2149 1550 2183 Plutarchus

207 2209 312 2245 Num.
334 2209 379 2246 10
409 2208 446 2258 (ἦ
473 2208 513 2247 δὲ
538 2207 603 2257 τὴν
628 2208 837 2258 παρθενίαν
861 2207 1130 2253 καταισχύνασα
1161 2208 1271 2252 ζῶσα
1295 2204 1550 2254 κατορύττε-

207 2272 301 2313 ται)
326 2269 544 2305 locutionem
570 2279 615 2304 ex
640 2268 824 2305 Herodoto
851 2269 1159 2314 deprompserunt.

210 2365 310 2403 (Iliad.
332 2365 364 2394 II
385 2366 440 2394 111
462 2367 494 2394 et
514 2365 559 2394 IX
574 2364 627 2394 18:
649 2363 727 2398 Ζεύς
746 2375 785 2404 με
804 2367 885 2404 μέγα
900 2366 1047 2403 Κρονίδης
1067 2361 1129 2403 ἄτῃ
1150 2364 1298 2399 ἐνέδησε
1318 2362 1482 2401 βαρείῃ);
1511 2363 1551 2393 cf.

209 2415 302 2444 etiam
330 2414 495 2452 Sophocl.
517 2413 588 2444 Oed.
604 2413 665 2443 Col.
687 2414 745 2443 526
759 2422 816 2450 sq.:
850 2413 928 2453 κακᾷ
955 2412 986 2453 μ’
1011 2412 1086 2453 εὗνᾷ
1115 2412 1198 2445 πόλις
1225 2409 1315 2441 οὐδὲν
1336 2412 1414 2450 ἴδριν
1443 2410 1553 2451 γάμων

209 2464 384 2500 ἐνέδησεν
405 2460 478 2501 ἄτῃ.

308 2513 329 2550 ¹)
350 2512 427 2543 Vide
447 2513 540 2542 etiam
560 2521 628 2552 pag.
643 2512 690 2541 33.
