<?xml version="1.0" encoding="UTF-8"?>
<!DOCTYPE html PUBLIC "-//W3C//DTD XHTML 1.0 Transitional//EN"
    "http://www.w3.org/TR/xhtml1/DTD/xhtml1-transitional.dtd">
<html xmlns="http://www.w3.org/1999/xhtml" xml:lang="en" lang="en">
 <head>
  <title>
</title>
<meta http-equiv="Content-Type" content="text/html;charset=utf-8" />
  <meta name='ocr-system' content='tesseract 3.04.00' />
  <meta name='ocr-capabilities' content='ocr_page ocr_carea ocr_par ocr_line ocrx_word'/>
</head>
<body>
  <div class='ocr_page' id='page_1' title='image "4737804_0032.png"; bbox 0 0 1848 2929; ppageno 0'>
   <div class='ocr_carea' id='block_1_1' title="bbox 907 223 956 258">
    <p class='ocr_par' dir='ltr' id='par_1_1' title="bbox 907 223 956 258">
     <span class='ocr_line' id='line_1_1' title="bbox 907 223 956 258; baseline 0 0"><span class='ocrx_word' id='word_1_1' title='bbox 907 223 956 258; x_wconf 84' lang='lat'>20</span> 
     </span>
    </p>
   </div>
   <div class='ocr_carea' id='block_1_2' title="bbox 821 273 1046 277">
    <p class='ocr_par' dir='ltr' id='par_1_2' title="bbox 821 273 1046 277">
     <span class='ocr_line' id='line_1_2' title="bbox 821 273 1046 277; baseline 0 0"><span class='ocrx_word' id='word_1_2' title='bbox 821 273 1046 277; x_wconf 95' lang='lat' dir='ltr'> </span> 
     </span>
    </p>
   </div>
   <div class='ocr_carea' id='block_1_3' title="bbox 253 337 1609 2138">
    <p class='ocr_par' dir='ltr' id='par_1_3' title="bbox 253 337 1609 2138">
     <span class='ocr_line' id='line_1_3' title="bbox 253 337 1609 387; baseline 0 -13"><span class='ocrx_word' id='word_1_3' title='bbox 253 338 473 387; x_wconf 66' lang='grc' dir='ltr'><em>πεντήκοντα</em></span> <span class='ocrx_word' id='word_1_4' title='bbox 499 338 685 387; x_wconf 73' lang='grc' dir='ltr'><em>μυριάδας</em></span> <span class='ocrx_word' id='word_1_5' title='bbox 711 338 789 375; x_wconf 71' lang='grc' dir='ltr'><em>οὐδ’</em></span> <span class='ocrx_word' id='word_1_6' title='bbox 815 338 834 375; x_wconf 79' lang='grc' dir='ltr'>ὁ</span> <span class='ocrx_word' id='word_1_7' title='bbox 868 339 1012 377; x_wconf 70' lang='grc' dir='ltr'><em>πείθων</em></span> <span class='ocrx_word' id='word_1_8' title='bbox 1038 339 1151 387; x_wconf 79' lang='grc' dir='ltr'><em>μηδὲν</em></span> <span class='ocrx_word' id='word_1_9' title='bbox 1176 340 1248 374; x_wconf 77' lang='grc' dir='ltr'>τῶν</span> <span class='ocrx_word' id='word_1_10' title='bbox 1275 340 1403 376; x_wconf 78' lang='grc' dir='ltr'><em>δεινῶν</em></span> <span class='ocrx_word' id='word_1_11' title='bbox 1429 337 1609 380; x_wconf 83' lang='grc' dir='ltr'><em>δεδιέναι,·</em></span> 
     </span>
     <span class='ocr_line' id='line_1_4' title="bbox 254 396 1608 444; baseline 0 -10"><span class='ocrx_word' id='word_1_12' title='bbox 254 398 365 434; x_wconf 82' lang='lat' dir='ltr'>etiam</span> <span class='ocrx_word' id='word_1_13' title='bbox 392 398 482 435; x_wconf 89' lang='lat' dir='ltr'>haec</span> <span class='ocrx_word' id='word_1_14' title='bbox 508 399 692 435; x_wconf 83' lang='lat' dir='ltr'>Herodoto</span> <span class='ocrx_word' id='word_1_15' title='bbox 721 399 911 442; x_wconf 85' lang='lat' dir='ltr'>debentur,</span> <span class='ocrx_word' id='word_1_16' title='bbox 940 399 1036 443; x_wconf 87' lang='lat' dir='ltr'>apud</span> <span class='ocrx_word' id='word_1_17' title='bbox 1062 409 1166 442; x_wconf 89' lang='lat' dir='ltr'>quem</span> <span class='ocrx_word' id='word_1_18' title='bbox 1192 398 1347 444; x_wconf 87' lang='lat' dir='ltr'>legimus</span> <span class='ocrx_word' id='word_1_19' title='bbox 1373 398 1426 436; x_wconf 90' lang='lat' dir='ltr'>VI</span> <span class='ocrx_word' id='word_1_20' title='bbox 1454 398 1538 434; x_wconf 90' lang='lat'>105:</span> <span class='ocrx_word' id='word_1_21' title='bbox 1573 396 1608 434; x_wconf 81' lang='grc' dir='ltr'>οἱ</span> 
     </span>
     <span class='ocr_line' id='line_1_5' title="bbox 254 454 1608 504; baseline 0 -12"><span class='ocrx_word' id='word_1_22' title='bbox 254 456 450 504; x_wconf 83' lang='grc' dir='ltr'><em>στρατηγοὶ</em></span> <span class='ocrx_word' id='word_1_23' title='bbox 490 456 659 504; x_wconf 91' lang='lat' dir='ltr'>(quorum</span> <span class='ocrx_word' id='word_1_24' title='bbox 698 456 867 502; x_wconf 84' lang='lat' dir='ltr'>princeps</span> <span class='ocrx_word' id='word_1_25' title='bbox 907 460 986 492; x_wconf 90' lang='lat' dir='ltr'>erat</span> <span class='ocrx_word' id='word_1_26' title='bbox 1022 456 1228 503; x_wconf 78' lang='lat' dir='ltr'>MiltIades)</span> <span class='ocrx_word' id='word_1_27' title='bbox 1267 455 1529 502; x_wconf 80' lang='grc' dir='ltr'><em>ἀποπέμπουσι</em></span> <span class='ocrx_word' id='word_1_28' title='bbox 1570 454 1608 496; x_wconf 82' lang='grc' dir='ltr'>ἐς</span> 
     </span>
     <span class='ocr_line' id='line_1_6' title="bbox 254 515 1608 564; baseline 0 -13"><span class='ocrx_word' id='word_1_29' title='bbox 254 515 430 563; x_wconf 79' lang='grc' dir='ltr'><em>Σπάρτην</em></span> <span class='ocrx_word' id='word_1_30' title='bbox 455 515 591 564; x_wconf 76' lang='grc' dir='ltr'><em>κήρυκα</em></span> <span class='ocrx_word' id='word_1_31' title='bbox 621 516 872 563; x_wconf 71' lang='grc' dir='ltr'><em>Φειδιππίδην</em></span> <span class='ocrx_word' id='word_1_32' title='bbox 887 515 922 563; x_wconf 88' lang='grc'>“),</span> <span class='ocrx_word' id='word_1_33' title='bbox 956 515 1018 560; x_wconf 89' lang='lat' dir='ltr'>qui</span> <span class='ocrx_word' id='word_1_34' title='bbox 1043 516 1353 553; x_wconf 88' lang='lat' dir='ltr'>Lacedaemonios</span> <span class='ocrx_word' id='word_1_35' title='bbox 1383 515 1522 552; x_wconf 83' lang='lat' dir='ltr'>auxilio</span> <span class='ocrx_word' id='word_1_36' title='bbox 1549 526 1608 551; x_wconf 89' lang='lat' dir='ltr'>ar-</span> 
     </span>
     <span class='ocr_line' id='line_1_7' title="bbox 254 573 1605 622; baseline -0.001 -11"><span class='ocrx_word' id='word_1_37' title='bbox 254 579 414 612; x_wconf 87' lang='lat' dir='ltr'>cesseret</span> <span class='ocrx_word' id='word_1_38' title='bbox 426 574 464 622; x_wconf 81' lang='grc'>2),</span> <span class='ocrx_word' id='word_1_39' title='bbox 499 575 538 611; x_wconf 89' lang='lat' dir='ltr'>id</span> <span class='ocrx_word' id='word_1_40' title='bbox 569 576 664 619; x_wconf 89' lang='lat' dir='ltr'>quod</span> <span class='ocrx_word' id='word_1_41' title='bbox 694 577 807 612; x_wconf 87' lang='lat' dir='ltr'>verba</span> <span class='ocrx_word' id='word_1_42' title='bbox 840 574 859 612; x_wconf 83' lang='grc' dir='ltr'>ὁ</span> <span class='ocrx_word' id='word_1_43' title='bbox 886 577 1003 611; x_wconf 82' lang='grc' dir='ltr'><em>καλῶν</em></span> <span class='ocrx_word' id='word_1_44' title='bbox 1029 575 1352 620; x_wconf 84' lang='grc' dir='ltr'><em>Λακεδαιμονίους</em></span> <span class='ocrx_word' id='word_1_45' title='bbox 1385 573 1605 620; x_wconf 87' lang='lat' dir='ltr'>significant.</span> 
     </span>
     <span class='ocr_line' id='line_1_8' title="bbox 253 633 1607 682; baseline -0.002 -10"><span class='ocrx_word' id='word_1_46' title='bbox 253 635 386 672; x_wconf 89' lang='lat' dir='ltr'>Verbis</span> <span class='ocrx_word' id='word_1_47' title='bbox 429 633 448 670; x_wconf 86' lang='grc' dir='ltr'>ὁ</span> <span class='ocrx_word' id='word_1_48' title='bbox 481 633 685 679; x_wconf 76' lang='grc' dir='ltr'><strong><em>μελλόντων</em></strong></span> <span class='ocrx_word' id='word_1_49' title='bbox 717 634 852 682; x_wconf 82' lang='grc' dir='ltr'><em>τρέχων</em></span> <span class='ocrx_word' id='word_1_50' title='bbox 890 634 1078 670; x_wconf 84' lang='lat' dir='ltr'>Miltiades</span> <span class='ocrx_word' id='word_1_51' title='bbox 1118 634 1212 670; x_wconf 91' lang='lat' dir='ltr'>idem</span> <span class='ocrx_word' id='word_1_52' title='bbox 1256 634 1501 679; x_wconf 86' lang='lat' dir='ltr'>significatur,</span> <span class='ocrx_word' id='word_1_53' title='bbox 1545 633 1607 677; x_wconf 87' lang='lat' dir='ltr'>qui</span> 
     </span>
     <span class='ocr_line' id='line_1_9' title="bbox 253 692 1607 741; baseline -0.001 -12"><span class='ocrx_word' id='word_1_54' title='bbox 253 693 495 729; x_wconf 84' lang='lat' dir='ltr'>Athenienses</span> <span class='ocrx_word' id='word_1_55' title='bbox 527 696 713 730; x_wconf 88' lang='lat' dir='ltr'>currentes</span> <span class='ocrx_word' id='word_1_56' title='bbox 746 696 874 729; x_wconf 90' lang='lat' dir='ltr'>contra</span> <span class='ocrx_word' id='word_1_57' title='bbox 899 693 1032 730; x_wconf 85' lang='lat' dir='ltr'>Persas</span> <span class='ocrx_word' id='word_1_58' title='bbox 1065 693 1169 730; x_wconf 84' lang='lat' dir='ltr'>duxit</span> <span class='ocrx_word' id='word_1_59' title='bbox 1195 693 1296 741; x_wconf 88' lang='lat' dir='ltr'>(Her.</span> <span class='ocrx_word' id='word_1_60' title='bbox 1316 693 1368 729; x_wconf 93' lang='lat' dir='ltr'>VI</span> <span class='ocrx_word' id='word_1_61' title='bbox 1396 692 1492 740; x_wconf 83' lang='lat'>112),</span> <span class='ocrx_word' id='word_1_62' title='bbox 1528 703 1607 729; x_wconf 90' lang='lat' dir='ltr'>cum</span> 
     </span>
     <span class='ocr_line' id='line_1_10' title="bbox 253 750 1607 789; baseline -0.001 -1"><span class='ocrx_word' id='word_1_63' title='bbox 253 752 534 788; x_wconf 87' lang='lat' dir='ltr'>Lacedaemonii</span> <span class='ocrx_word' id='word_1_64' title='bbox 566 753 663 788; x_wconf 92' lang='lat' dir='ltr'>domi</span> <span class='ocrx_word' id='word_1_65' title='bbox 697 756 883 789; x_wconf 88' lang='lat' dir='ltr'>manentes</span> <span class='ocrx_word' id='word_1_66' title='bbox 915 763 1052 789; x_wconf 89' lang='lat' dir='ltr'>moram</span> <span class='ocrx_word' id='word_1_67' title='bbox 1085 753 1259 789; x_wconf 86' lang='lat' dir='ltr'>facerent.</span> <span class='ocrx_word' id='word_1_68' title='bbox 1312 752 1447 788; x_wconf 88' lang='lat' dir='ltr'>Dicens</span> <span class='ocrx_word' id='word_1_69' title='bbox 1481 750 1500 788; x_wconf 89' lang='grc' dir='ltr'><em>ὁ</em></span> <span class='ocrx_word' id='word_1_70' title='bbox 1527 750 1607 788; x_wconf 87' lang='grc' dir='ltr'><em>πεί-</em></span> 
     </span>
     <span class='ocr_line' id='line_1_11' title="bbox 253 810 1606 858; baseline -0.001 -11"><span class='ocrx_word' id='word_1_71' title='bbox 253 817 334 847; x_wconf 70' lang='grc' dir='ltr'>θων</span> <span class='ocrx_word' id='word_1_72' title='bbox 359 810 474 858; x_wconf 74' lang='grc' dir='ltr'><em>μηδὲν</em></span> <span class='ocrx_word' id='word_1_73' title='bbox 499 812 571 846; x_wconf 81' lang='grc' dir='ltr'>τῶν</span> <span class='ocrx_word' id='word_1_74' title='bbox 597 813 726 848; x_wconf 81' lang='grc' dir='ltr'><em>δεινῶν</em></span> <span class='ocrx_word' id='word_1_75' title='bbox 752 810 909 848; x_wconf 80' lang='grc' dir='ltr'><em>δεδιέναι</em></span> <span class='ocrx_word' id='word_1_76' title='bbox 944 812 990 847; x_wconf 85' lang='lat' dir='ltr'>ad</span> <span class='ocrx_word' id='word_1_77' title='bbox 1016 811 1083 847; x_wconf 85' lang='lat' dir='ltr'>illa</span> <span class='ocrx_word' id='word_1_78' title='bbox 1109 811 1289 847; x_wconf 83' lang='lat' dir='ltr'>Miltiadis</span> <span class='ocrx_word' id='word_1_79' title='bbox 1315 812 1428 847; x_wconf 84' lang='lat' dir='ltr'>verba</span> <span class='ocrx_word' id='word_1_80' title='bbox 1454 813 1606 855; x_wconf 81' lang='lat' dir='ltr'>spectat,</span> 
     </span>
     <span class='ocr_line' id='line_1_12' title="bbox 253 869 1607 915; baseline -0.001 -10"><span class='ocrx_word' id='word_1_81' title='bbox 253 869 384 913; x_wconf 87' lang='lat' dir='ltr'>quibus</span> <span class='ocrx_word' id='word_1_82' title='bbox 424 869 686 906; x_wconf 82' lang='lat' dir='ltr'>Callimachum</span> <span class='ocrx_word' id='word_1_83' title='bbox 731 870 1001 915; x_wconf 88' lang='lat' dir='ltr'>polemarchum</span> <span class='ocrx_word' id='word_1_84' title='bbox 1047 870 1093 906; x_wconf 92' lang='lat' dir='ltr'>ad</span> <span class='ocrx_word' id='word_1_85' title='bbox 1136 880 1293 915; x_wconf 88' lang='lat' dir='ltr'>pugnam</span> <span class='ocrx_word' id='word_1_86' title='bbox 1339 869 1607 905; x_wconf 86' lang='lat' dir='ltr'>Marathoniam</span> 
     </span>
     <span class='ocr_line' id='line_1_13' title="bbox 255 927 1608 974; baseline -0.001 -10"><span class='ocrx_word' id='word_1_87' title='bbox 255 928 549 965; x_wconf 83' lang='lat' dir='ltr'>committendam</span> <span class='ocrx_word' id='word_1_88' title='bbox 586 929 773 974; x_wconf 86' lang='lat' dir='ltr'>incitavit,</span> <span class='ocrx_word' id='word_1_89' title='bbox 813 932 853 965; x_wconf 89' lang='lat' dir='ltr'>ut</span> <span class='ocrx_word' id='word_1_90' title='bbox 888 929 1095 965; x_wconf 90' lang='lat' dir='ltr'>Herodotus</span> <span class='ocrx_word' id='word_1_91' title='bbox 1131 928 1246 964; x_wconf 87' lang='lat' dir='ltr'>tradit</span> <span class='ocrx_word' id='word_1_92' title='bbox 1281 928 1333 965; x_wconf 92' lang='lat' dir='ltr'>VI</span> <span class='ocrx_word' id='word_1_93' title='bbox 1362 928 1442 964; x_wconf 91' lang='lat'>109.</span> <span class='ocrx_word' id='word_1_94' title='bbox 1505 927 1608 974; x_wconf 85' lang='lat' dir='ltr'>Quod</span> 
     </span>
     <span class='ocr_line' id='line_1_14' title="bbox 253 985 1606 1035; baseline 0 -12"><span class='ocrx_word' id='word_1_95' title='bbox 253 988 378 1024; x_wconf 90' lang='lat' dir='ltr'>rhetor</span> <span class='ocrx_word' id='word_1_96' title='bbox 411 987 595 1024; x_wconf 85' lang='lat' dir='ltr'>Cimonem</span> <span class='ocrx_word' id='word_1_97' title='bbox 631 988 894 1025; x_wconf 86' lang='lat' dir='ltr'>exclamantem</span> <span class='ocrx_word' id='word_1_98' title='bbox 929 988 1021 1024; x_wconf 87' lang='lat' dir='ltr'>facit</span> <span class='ocrx_word' id='word_1_99' title='bbox 1053 988 1090 1023; x_wconf 92' lang='lat' dir='ltr'>in</span> <span class='ocrx_word' id='word_1_100' title='bbox 1122 988 1141 1033; x_wconf 68' lang='grc' dir='ltr'>ξ</span> <span class='ocrx_word' id='word_1_101' title='bbox 1172 989 1231 1023; x_wconf 88' lang='lat'>11:</span> <span class='ocrx_word' id='word_1_102' title='bbox 1277 985 1321 1023; x_wconf 77' lang='grc' dir='ltr'>οὕ</span> <span class='ocrx_word' id='word_1_103' title='bbox 1355 985 1407 1033; x_wconf 81' lang='grc' dir='ltr'><em>μὰ</em></span> <span class='ocrx_word' id='word_1_104' title='bbox 1439 985 1504 1035; x_wconf 69' lang='grc' dir='ltr'>τῆν</span> <span class='ocrx_word' id='word_1_105' title='bbox 1531 985 1606 1035; x_wconf 70' lang='grc' dir='ltr'>Λῆ-</span> 
     </span>
     <span class='ocr_line' id='line_1_15' title="bbox 254 1045 1607 1095; baseline 0 -13"><span class='ocrx_word' id='word_1_106' title='bbox 254 1060 386 1095; x_wconf 75' lang='grc' dir='ltr'><em>μητρα,</em></span> <span class='ocrx_word' id='word_1_107' title='bbox 426 1045 491 1095; x_wconf 66' lang='grc' dir='ltr'>τήν</span> <span class='ocrx_word' id='word_1_108' title='bbox 530 1046 615 1095; x_wconf 80' lang='grc' dir='ltr'><em>ἡμῖν</em></span> <span class='ocrx_word' id='word_1_109' title='bbox 653 1048 829 1095; x_wconf 82' lang='grc' dir='ltr'><em>δυσμενῆ,</em></span> <span class='ocrx_word' id='word_1_110' title='bbox 873 1048 940 1083; x_wconf 93' lang='lat' dir='ltr'>hoc</span> <span class='ocrx_word' id='word_1_111' title='bbox 978 1047 1206 1092; x_wconf 87' lang='lat' dir='ltr'>intellegitur</span> <span class='ocrx_word' id='word_1_112' title='bbox 1245 1058 1290 1083; x_wconf 86' lang='lat' dir='ltr'>ex</span> <span class='ocrx_word' id='word_1_113' title='bbox 1333 1058 1375 1083; x_wconf 89' lang='lat' dir='ltr'>ea</span> <span class='ocrx_word' id='word_1_114' title='bbox 1413 1058 1468 1092; x_wconf 88' lang='lat' dir='ltr'>re,</span> <span class='ocrx_word' id='word_1_115' title='bbox 1513 1047 1607 1091; x_wconf 88' lang='lat' dir='ltr'>quod</span> 
     </span>
     <span class='ocr_line' id='line_1_16' title="bbox 254 1105 1606 1151; baseline 0 -11"><span class='ocrx_word' id='word_1_116' title='bbox 254 1105 440 1141; x_wconf 90' lang='lat' dir='ltr'>Miltiades</span> <span class='ocrx_word' id='word_1_117' title='bbox 466 1105 505 1141; x_wconf 92' lang='lat' dir='ltr'>in</span> <span class='ocrx_word' id='word_1_118' title='bbox 531 1106 652 1141; x_wconf 88' lang='lat' dir='ltr'>insula</span> <span class='ocrx_word' id='word_1_119' title='bbox 677 1106 772 1142; x_wconf 88' lang='lat' dir='ltr'>Paro</span> <span class='ocrx_word' id='word_1_120' title='bbox 806 1106 844 1141; x_wconf 94' lang='lat' dir='ltr'>in</span> <span class='ocrx_word' id='word_1_121' title='bbox 870 1106 1042 1151; x_wconf 88' lang='lat' dir='ltr'>templum</span> <span class='ocrx_word' id='word_1_122' title='bbox 1068 1106 1211 1142; x_wconf 81' lang='lat' dir='ltr'>Cereris</span> <span class='ocrx_word' id='word_1_123' title='bbox 1243 1105 1381 1142; x_wconf 90' lang='lat' dir='ltr'>invasit</span> <span class='ocrx_word' id='word_1_124' title='bbox 1407 1108 1443 1141; x_wconf 89' lang='lat' dir='ltr'>et</span> <span class='ocrx_word' id='word_1_125' title='bbox 1468 1115 1606 1141; x_wconf 92' lang='lat' dir='ltr'>murum</span> 
     </span>
     <span class='ocr_line' id='line_1_17' title="bbox 253 1164 1608 1209; baseline -0.001 -9"><span class='ocrx_word' id='word_1_126' title='bbox 253 1164 467 1200; x_wconf 86' lang='lat' dir='ltr'>transiliens</span> <span class='ocrx_word' id='word_1_127' title='bbox 501 1164 618 1200; x_wconf 86' lang='lat' dir='ltr'>femur</span> <span class='ocrx_word' id='word_1_128' title='bbox 650 1164 779 1209; x_wconf 86' lang='lat' dir='ltr'>fregit,</span> <span class='ocrx_word' id='word_1_129' title='bbox 822 1176 891 1208; x_wconf 92' lang='lat' dir='ltr'>quo</span> <span class='ocrx_word' id='word_1_130' title='bbox 926 1165 1074 1201; x_wconf 89' lang='lat' dir='ltr'>vulnere</span> <span class='ocrx_word' id='word_1_131' title='bbox 1109 1168 1270 1200; x_wconf 90' lang='lat' dir='ltr'>mortuus</span> <span class='ocrx_word' id='word_1_132' title='bbox 1305 1168 1375 1209; x_wconf 91' lang='lat' dir='ltr'>est,</span> <span class='ocrx_word' id='word_1_133' title='bbox 1410 1167 1450 1200; x_wconf 92' lang='lat' dir='ltr'>ut</span> <span class='ocrx_word' id='word_1_134' title='bbox 1480 1167 1608 1200; x_wconf 86' lang='lat' dir='ltr'>narrat</span> 
     </span>
     <span class='ocr_line' id='line_1_18' title="bbox 253 1221 1606 1268; baseline -0.001 -11"><span class='ocrx_word' id='word_1_135' title='bbox 253 1223 460 1258; x_wconf 90' lang='lat' dir='ltr'>Herodotus</span> <span class='ocrx_word' id='word_1_136' title='bbox 489 1223 539 1259; x_wconf 92' lang='lat' dir='ltr'>VI</span> <span class='ocrx_word' id='word_1_137' title='bbox 558 1223 762 1258; x_wconf 85' lang='lat'>134—136.</span> <span class='ocrx_word' id='word_1_138' title='bbox 816 1222 918 1267; x_wconf 80' lang='lat' dir='ltr'>Quod</span> <span class='ocrx_word' id='word_1_139' title='bbox 942 1223 1031 1258; x_wconf 92' lang='lat' dir='ltr'>dicit</span> <span class='ocrx_word' id='word_1_140' title='bbox 1056 1223 1181 1258; x_wconf 89' lang='lat' dir='ltr'>rhetor</span> <span class='ocrx_word' id='word_1_141' title='bbox 1206 1223 1226 1268; x_wconf 66' lang='grc' dir='ltr'>ξ</span> <span class='ocrx_word' id='word_1_142' title='bbox 1246 1222 1292 1258; x_wconf 80' lang='lat'>20</span> <span class='ocrx_word' id='word_1_143' title='bbox 1309 1222 1341 1257; x_wconf 79' lang='lat' dir='ltr'><strong>F</strong></span> <span class='ocrx_word' id='word_1_144' title='bbox 1368 1221 1499 1263; x_wconf 79' lang='grc' dir='ltr'><em>ἐκεῖνος</em></span> <span class='ocrx_word' id='word_1_145' title='bbox 1524 1234 1606 1257; x_wconf 89' lang='grc' dir='ltr'><em>κατ-</em></span> 
     </span>
     <span class='ocr_line' id='line_1_19' title="bbox 254 1279 1608 1330; baseline -0.001 -13"><span class='ocrx_word' id='word_1_146' title='bbox 254 1280 399 1327; x_wconf 80' lang='grc' dir='ltr'><em>εγέλασε</em></span> <span class='ocrx_word' id='word_1_147' title='bbox 425 1281 497 1316; x_wconf 79' lang='grc' dir='ltr'>τῶν</span> <span class='ocrx_word' id='word_1_148' title='bbox 523 1282 676 1325; x_wconf 75' lang='grc' dir='ltr'><em>δεσμῶν,</em></span> <span class='ocrx_word' id='word_1_149' title='bbox 703 1279 766 1321; x_wconf 68' lang='grc' dir='ltr'>οὓς</span> <span class='ocrx_word' id='word_1_150' title='bbox 793 1280 959 1330; x_wconf 68' lang='grc' dir='ltr'><em>ἐκόμιζον</em></span> <span class='ocrx_word' id='word_1_151' title='bbox 985 1280 1021 1317; x_wconf 81' lang='grc' dir='ltr'>ἐν</span> <span class='ocrx_word' id='word_1_152' title='bbox 1046 1283 1127 1322; x_wconf 81' lang='grc' dir='ltr'><em>ταῖς</em></span> <span class='ocrx_word' id='word_1_153' title='bbox 1152 1281 1277 1317; x_wconf 86' lang='grc' dir='ltr'><em>ναυσὶν</em></span> <span class='ocrx_word' id='word_1_154' title='bbox 1303 1279 1338 1317; x_wconf 78' lang='grc' dir='ltr'>οἱ</span> <span class='ocrx_word' id='word_1_155' title='bbox 1363 1281 1428 1317; x_wconf 86' lang='grc' dir='ltr'>τοῦ</span> <span class='ocrx_word' id='word_1_156' title='bbox 1446 1281 1608 1329; x_wconf 85' lang='grc' dir='ltr'><em>Δαρείου</em></span> 
     </span>
     <span class='ocr_line' id='line_1_20' title="bbox 255 1339 1607 1387; baseline 0 -12"><span class='ocrx_word' id='word_1_157' title='bbox 255 1339 452 1387; x_wconf 83' lang='grc' dir='ltr'><em>σατράπαι,</em></span> <span class='ocrx_word' id='word_1_158' title='bbox 478 1340 546 1375; x_wconf 93' lang='lat' dir='ltr'>hoc</span> <span class='ocrx_word' id='word_1_159' title='bbox 573 1350 653 1375; x_wconf 88' lang='lat' dir='ltr'>cum</span> <span class='ocrx_word' id='word_1_160' title='bbox 671 1340 864 1375; x_wconf 85' lang='lat' dir='ltr'>Foerstero</span> <span class='ocrx_word' id='word_1_161' title='bbox 891 1340 1011 1375; x_wconf 89' lang='lat' dir='ltr'>refero</span> <span class='ocrx_word' id='word_1_162' title='bbox 1039 1341 1085 1375; x_wconf 90' lang='lat' dir='ltr'>ad</span> <span class='ocrx_word' id='word_1_163' title='bbox 1112 1351 1165 1384; x_wconf 91' lang='lat' dir='ltr'>ea,</span> <span class='ocrx_word' id='word_1_164' title='bbox 1193 1350 1284 1383; x_wconf 89' lang='lat' dir='ltr'>quae</span> <span class='ocrx_word' id='word_1_165' title='bbox 1303 1340 1607 1375; x_wconf 87' lang='lat' dir='ltr'>Halicarnasseus</span> 
     </span>
     <span class='ocr_line' id='line_1_21' title="bbox 254 1396 1606 1443; baseline -0.001 -10"><span class='ocrx_word' id='word_1_166' title='bbox 254 1397 451 1433; x_wconf 87' lang='lat' dir='ltr'>memoriae</span> <span class='ocrx_word' id='word_1_167' title='bbox 482 1397 645 1442; x_wconf 86' lang='lat' dir='ltr'>prodidit</span> <span class='ocrx_word' id='word_1_168' title='bbox 680 1398 730 1433; x_wconf 55' lang='lat' dir='ltr'>in*</span> <span class='ocrx_word' id='word_1_169' title='bbox 749 1398 800 1434; x_wconf 92' lang='lat' dir='ltr'>VI</span> <span class='ocrx_word' id='word_1_170' title='bbox 827 1399 892 1433; x_wconf 86' lang='lat'>94:</span> <span class='ocrx_word' id='word_1_171' title='bbox 933 1397 1177 1442; x_wconf 83' lang='grc' dir='ltr'><em>ἐντειλάμενος</em></span> <span class='ocrx_word' id='word_1_172' title='bbox 1211 1396 1251 1434; x_wconf 85' lang='grc' dir='ltr'><em>δὲ</em></span> <span class='ocrx_word' id='word_1_173' title='bbox 1281 1396 1479 1443; x_wconf 73' lang='grc' dir='ltr'><em>ἀπέπεμπε</em></span> <span class='ocrx_word' id='word_1_174' title='bbox 1513 1397 1606 1443; x_wconf 85' lang='lat' dir='ltr'>(scil.</span> 
     </span>
     <span class='ocr_line' id='line_1_22' title="bbox 254 1454 1607 1504; baseline -0.001 -13"><span class='ocrx_word' id='word_1_175' title='bbox 254 1455 273 1491; x_wconf 84' lang='grc' dir='ltr'>ὁ</span> <span class='ocrx_word' id='word_1_176' title='bbox 302 1458 461 1503; x_wconf 77' lang='grc' dir='ltr'><em>Δαρεῖος</em></span> <span class='ocrx_word' id='word_1_177' title='bbox 489 1456 606 1492; x_wconf 73' lang='grc' dir='ltr'><em>Δᾶτίν</em></span> <span class='ocrx_word' id='word_1_178' title='bbox 640 1470 678 1492; x_wconf 86' lang='grc' dir='ltr'>τε</span> <span class='ocrx_word' id='word_1_179' title='bbox 712 1456 771 1491; x_wconf 83' lang='grc' dir='ltr'>καὶ</span> <span class='ocrx_word' id='word_1_180' title='bbox 803 1454 1061 1504; x_wconf 77' lang='grc' dir='ltr'><em>Ἀρταφρένεα)</em></span> <span class='ocrx_word' id='word_1_181' title='bbox 1094 1455 1470 1504; x_wconf 75' lang='grc' dir='ltr'><em>ἐξανδραποδίσαντας</em></span> <span class='ocrx_word' id='word_1_182' title='bbox 1495 1454 1607 1503; x_wconf 70' lang='grc' dir='ltr'>Ἀθή-</span> 
     </span>
     <span class='ocr_line' id='line_1_23' title="bbox 255 1512 1609 1562; baseline 0 -12"><span class='ocrx_word' id='word_1_183' title='bbox 255 1527 318 1554; x_wconf 81' lang='grc' dir='ltr'>νας</span> <span class='ocrx_word' id='word_1_184' title='bbox 351 1514 410 1550; x_wconf 80' lang='grc' dir='ltr'>καὶ</span> <span class='ocrx_word' id='word_1_185' title='bbox 437 1512 619 1562; x_wconf 84' lang='grc' dir='ltr'><em>Ἐρέτριαν</em></span> <span class='ocrx_word' id='word_1_186' title='bbox 652 1513 797 1560; x_wconf 76' lang='grc' dir='ltr'><em>ἀνάγειν</em></span> <span class='ocrx_word' id='word_1_187' title='bbox 830 1513 954 1560; x_wconf 71' lang='grc' dir='ltr'><em>ἑωυτῷ</em></span> <span class='ocrx_word' id='word_1_188' title='bbox 987 1514 1024 1554; x_wconf 82' lang='grc' dir='ltr'>ἐς</span> <span class='ocrx_word' id='word_1_189' title='bbox 1057 1513 1148 1562; x_wconf 81' lang='grc' dir='ltr'><em>ὄψιν</em></span> <span class='ocrx_word' id='word_1_190' title='bbox 1181 1512 1225 1550; x_wconf 76' lang='grc' dir='ltr'>τοὶ</span> <span class='ocrx_word' id='word_1_191' title='bbox 1259 1512 1471 1562; x_wconf 85' lang='grc' dir='ltr'><em>ἀνδράποδα</em></span> <span class='ocrx_word' id='word_1_192' title='bbox 1504 1518 1541 1551; x_wconf 91' lang='lat' dir='ltr'>et</span> <span class='ocrx_word' id='word_1_193' title='bbox 1572 1514 1609 1550; x_wconf 93' lang='lat' dir='ltr'>in</span> 
     </span>
     <span class='ocr_line' id='line_1_24' title="bbox 256 1571 1609 1622; baseline 0 -13"><span class='ocrx_word' id='word_1_194' title='bbox 256 1572 308 1610; x_wconf 90' lang='lat' dir='ltr'>VI</span> <span class='ocrx_word' id='word_1_195' title='bbox 335 1573 424 1608; x_wconf 83' lang='lat'>102:</span> <span class='ocrx_word' id='word_1_196' title='bbox 468 1571 743 1620; x_wconf 82' lang='grc' dir='ltr'><em>Χειρωσάμενοι</em></span> <span class='ocrx_word' id='word_1_197' title='bbox 779 1573 877 1619; x_wconf 85' lang='lat' dir='ltr'>(scil.</span> <span class='ocrx_word' id='word_1_198' title='bbox 912 1571 946 1609; x_wconf 83' lang='grc' dir='ltr'>οἱ</span> <span class='ocrx_word' id='word_1_199' title='bbox 974 1572 1139 1621; x_wconf 84' lang='grc' dir='ltr'><em>Πέρσαι)</em></span> <span class='ocrx_word' id='word_1_200' title='bbox 1175 1572 1214 1610; x_wconf 85' lang='grc' dir='ltr'><em>δὲ</em></span> <span class='ocrx_word' id='word_1_201' title='bbox 1247 1571 1312 1621; x_wconf 74' lang='grc' dir='ltr'>τῆν</span> <span class='ocrx_word' id='word_1_202' title='bbox 1337 1571 1518 1622; x_wconf 86' lang='grc' dir='ltr'><em>Ἐρέτριαν</em></span> <span class='ocrx_word' id='word_1_203' title='bbox 1550 1573 1609 1610; x_wconf 87' lang='grc' dir='ltr'>καὶ</span> 
     </span>
     <span class='ocr_line' id='line_1_25' title="bbox 255 1629 1609 1680; baseline 0.001 -14"><span class='ocrx_word' id='word_1_204' title='bbox 255 1630 467 1675; x_wconf 80' lang='grc' dir='ltr'><em>ἐπισχόντες</em></span> <span class='ocrx_word' id='word_1_205' title='bbox 493 1629 620 1678; x_wconf 83' lang='grc' dir='ltr'><em>ὀλίγας</em></span> <span class='ocrx_word' id='word_1_206' title='bbox 648 1631 783 1680; x_wconf 76' lang='grc' dir='ltr'><em>ἡμέρας</em></span> <span class='ocrx_word' id='word_1_207' title='bbox 809 1631 939 1668; x_wconf 79' lang='grc' dir='ltr'><em>ἔπλεον</em></span> <span class='ocrx_word' id='word_1_208' title='bbox 957 1631 994 1672; x_wconf 81' lang='grc' dir='ltr'>ἐς</span> <span class='ocrx_word' id='word_1_209' title='bbox 1022 1634 1085 1680; x_wconf 78' lang='grc' dir='ltr'>γῆν</span> <span class='ocrx_word' id='word_1_210' title='bbox 1108 1630 1172 1680; x_wconf 73' lang='grc' dir='ltr'>τῆν</span> <span class='ocrx_word' id='word_1_211' title='bbox 1188 1630 1354 1680; x_wconf 71' lang='grc' dir='ltr'><em>Ἀττικῆν</em></span> <span class='ocrx_word' id='word_1_212' title='bbox 1379 1630 1609 1680; x_wconf 81' lang='grc' dir='ltr'><em>κατέργοντές</em></span> 
     </span>
     <span class='ocr_line' id='line_1_26' title="bbox 255 1689 1609 1738; baseline 0 -12"><span class='ocrx_word' id='word_1_213' title='bbox 255 1704 294 1727; x_wconf 83' lang='grc' dir='ltr'>τε</span> <span class='ocrx_word' id='word_1_214' title='bbox 319 1689 454 1727; x_wconf 78' lang='grc' dir='ltr'><em>πολλὸν</em></span> <span class='ocrx_word' id='word_1_215' title='bbox 487 1690 546 1726; x_wconf 83' lang='grc' dir='ltr'>καὶ</span> <span class='ocrx_word' id='word_1_216' title='bbox 574 1690 756 1730; x_wconf 86' lang='grc' dir='ltr'><em>δοκέοντες</em></span> <span class='ocrx_word' id='word_1_217' title='bbox 782 1689 898 1727; x_wconf 75' lang='grc' dir='ltr'><em>ταῦτα</em></span> <span class='ocrx_word' id='word_1_218' title='bbox 929 1689 1015 1731; x_wconf 80' lang='grc' dir='ltr'>τούς</span> <span class='ocrx_word' id='word_1_219' title='bbox 1040 1689 1259 1737; x_wconf 67' lang='grc' dir='ltr'><em>Ἀθηναίους</em></span> <span class='ocrx_word' id='word_1_220' title='bbox 1286 1690 1456 1738; x_wconf 71' lang='grc' dir='ltr'><em>ποιήσειν</em></span> <span class='ocrx_word' id='word_1_221' title='bbox 1481 1689 1526 1727; x_wconf 74' lang='grc' dir='ltr'>τοὶ</span> <span class='ocrx_word' id='word_1_222' title='bbox 1550 1691 1609 1726; x_wconf 84' lang='grc' dir='ltr'>καὶ</span> 
     </span>
     <span class='ocr_line' id='line_1_27' title="bbox 254 1747 1608 1797; baseline 0.001 -13"><span class='ocrx_word' id='word_1_223' title='bbox 254 1747 340 1788; x_wconf 78' lang='grc' dir='ltr'><em>τοὺς</em></span> <span class='ocrx_word' id='word_1_224' title='bbox 371 1747 572 1796; x_wconf 83' lang='grc' dir='ltr'><em>Ἐρετριέας</em></span> <span class='ocrx_word' id='word_1_225' title='bbox 606 1748 794 1796; x_wconf 73' lang='grc' dir='ltr'><em>ἐποίησαν.</em></span> <span class='ocrx_word' id='word_1_226' title='bbox 847 1749 965 1796; x_wconf 83' lang='lat' dir='ltr'>(Quod</span> <span class='ocrx_word' id='word_1_227' title='bbox 1002 1749 1112 1785; x_wconf 85' lang='lat' dir='ltr'>etiam</span> <span class='ocrx_word' id='word_1_228' title='bbox 1146 1750 1184 1785; x_wconf 90' lang='lat' dir='ltr'>in</span> <span class='ocrx_word' id='word_1_229' title='bbox 1218 1749 1470 1797; x_wconf 72' lang='grc' dir='ltr'><em>Κορινθίων</em></span> <span class='ocrx_word' id='word_1_230' title='bbox 1501 1748 1608 1795; x_wconf 85' lang='grc' dir='ltr'><em>λόγῳ</em></span> 
     </span>
     <span class='ocr_line' id='line_1_28' title="bbox 256 1802 1609 1855; baseline 0 -13"><span class='ocrx_word' id='word_1_231' title='bbox 256 1807 380 1843; x_wconf 86' lang='lat' dir='ltr'>dicens</span> <span class='ocrx_word' id='word_1_232' title='bbox 425 1806 533 1854; x_wconf 85' lang='lat' dir='ltr'>[decl.</span> <span class='ocrx_word' id='word_1_233' title='bbox 561 1807 656 1843; x_wconf 94' lang='lat' dir='ltr'>XIII</span> <span class='ocrx_word' id='word_1_234' title='bbox 684 1808 704 1853; x_wconf 68' lang='grc' dir='ltr'>ἓ</span> <span class='ocrx_word' id='word_1_235' title='bbox 731 1807 817 1854; x_wconf 83' lang='lat'>55]:</span> <span class='ocrx_word' id='word_1_236' title='bbox 874 1806 1015 1855; x_wconf 81' lang='grc' dir='ltr'><em>οἰκτρόν</em></span> <span class='ocrx_word' id='word_1_237' title='bbox 1054 1802 1094 1854; x_wconf 64' lang='grc' dir='ltr'>ἦν</span> <span class='ocrx_word' id='word_1_238' title='bbox 1133 1807 1193 1843; x_wconf 84' lang='grc' dir='ltr'>καὶ</span> <span class='ocrx_word' id='word_1_239' title='bbox 1229 1805 1269 1843; x_wconf 79' lang='grc' dir='ltr'>τὸ</span> <span class='ocrx_word' id='word_1_240' title='bbox 1308 1806 1361 1848; x_wconf 86' lang='grc' dir='ltr'>εἰς</span> <span class='ocrx_word' id='word_1_241' title='bbox 1391 1808 1512 1843; x_wconf 75' lang='grc' dir='ltr'><em>Σοῦσα</em></span> <span class='ocrx_word' id='word_1_242' title='bbox 1549 1807 1609 1842; x_wconf 87' lang='grc' dir='ltr'>καὶ</span> 
     </span>
     <span class='ocr_line' id='line_1_29' title="bbox 260 1863 1609 1913; baseline 0.001 -14"><span class='ocrx_word' id='word_1_243' title='bbox 260 1864 401 1912; x_wconf 77' lang='grc' dir='ltr'><em>Βάκτρα</em></span> <span class='ocrx_word' id='word_1_244' title='bbox 432 1864 499 1905; x_wconf 86' lang='grc' dir='ltr'>τὰς</span> <span class='ocrx_word' id='word_1_245' title='bbox 524 1864 654 1912; x_wconf 74' lang='grc' dir='ltr'><em>νήσους</em></span> <span class='ocrx_word' id='word_1_246' title='bbox 680 1864 886 1913; x_wconf 76' lang='grc' dir='ltr'><em>ἀναστῆναι,</em></span> <span class='ocrx_word' id='word_1_247' title='bbox 918 1864 1010 1902; x_wconf 85' lang='grc' dir='ltr'>ἀλλά</span> <span class='ocrx_word' id='word_1_248' title='bbox 1036 1864 1219 1907; x_wconf 85' lang='grc' dir='ltr'><em>κάκείνους</em></span> <span class='ocrx_word' id='word_1_249' title='bbox 1250 1864 1300 1906; x_wconf 80' lang='grc' dir='ltr'>ὠς</span> <span class='ocrx_word' id='word_1_250' title='bbox 1325 1863 1547 1913; x_wconf 68' lang='grc' dir='ltr'><em>ἀνθρώπους</em></span> <span class='ocrx_word' id='word_1_251' title='bbox 1574 1863 1609 1901; x_wconf 83' lang='grc' dir='ltr'>οἱ</span> 
     </span>
     <span class='ocr_line' id='line_1_30' title="bbox 256 1922 1609 1972; baseline 0.001 -14"><span class='ocrx_word' id='word_1_252' title='bbox 256 1922 536 1970; x_wconf 73' lang='grc' dir='ltr'><em>σαγηνεύσαντες</em></span> <span class='ocrx_word' id='word_1_253' title='bbox 567 1922 752 1971; x_wconf 71' lang='grc' dir='ltr'><em>ἀπήγαγον</em></span> <span class='ocrx_word' id='word_1_254' title='bbox 786 1924 823 1959; x_wconf 91' lang='lat' dir='ltr'>in</span> <span class='ocrx_word' id='word_1_255' title='bbox 859 1924 978 1960; x_wconf 89' lang='lat' dir='ltr'>animo</span> <span class='ocrx_word' id='word_1_256' title='bbox 1011 1924 1121 1960; x_wconf 87' lang='lat' dir='ltr'>habet</span> <span class='ocrx_word' id='word_1_257' title='bbox 1155 1927 1191 1960; x_wconf 90' lang='lat' dir='ltr'>et</span> <span class='ocrx_word' id='word_1_258' title='bbox 1224 1924 1262 1959; x_wconf 94' lang='lat' dir='ltr'>in</span> <span class='ocrx_word' id='word_1_259' title='bbox 1301 1924 1609 1972; x_wconf 82' lang='grc' dir='ltr'><em>Καλλαίσχρου</em></span> 
     </span>
     <span class='ocr_line' id='line_1_31' title="bbox 256 1981 1609 2032; baseline 0.001 -14"><span class='ocrx_word' id='word_1_260' title='bbox 256 1981 363 2029; x_wconf 82' lang='grc' dir='ltr'><em>λόγῳ</em></span> <span class='ocrx_word' id='word_1_261' title='bbox 375 1981 402 2028; x_wconf 81' lang='lat'>⁸)</span> <span class='ocrx_word' id='word_1_262' title='bbox 430 1982 572 2018; x_wconf 81' lang='lat' dir='ltr'>dicens:</span> <span class='ocrx_word' id='word_1_263' title='bbox 617 1981 702 2023; x_wconf 79' lang='grc' dir='ltr'>τούς</span> <span class='ocrx_word' id='word_1_264' title='bbox 727 1981 805 2028; x_wconf 78' lang='grc' dir='ltr'><em>μετ’</em></span> <span class='ocrx_word' id='word_1_265' title='bbox 830 1981 1037 2032; x_wconf 81' lang='grc' dir='ltr'><em>Ἐρετριέων</em></span> <span class='ocrx_word' id='word_1_266' title='bbox 1063 1982 1341 2029; x_wconf 71' lang='grc' dir='ltr'><em>ἐπιθυμοῦντας</em></span> <span class='ocrx_word' id='word_1_267' title='bbox 1371 1983 1431 2019; x_wconf 80' lang='grc' dir='ltr'>καὶ</span> <span class='ocrx_word' id='word_1_268' title='bbox 1463 1983 1609 2028; x_wconf 85' lang='grc' dir='ltr'><em>Ναξίων</em></span> 
     </span>
     <span class='ocr_line' id='line_1_32' title="bbox 255 2039 1609 2089; baseline 0.001 -13"><span class='ocrx_word' id='word_1_269' title='bbox 255 2039 309 2082; x_wconf 82' lang='grc' dir='ltr'>εἰς</span> <span class='ocrx_word' id='word_1_270' title='bbox 335 2042 456 2077; x_wconf 75' lang='grc' dir='ltr'><em>Σοῦσα</em></span> <span class='ocrx_word' id='word_1_271' title='bbox 489 2042 549 2077; x_wconf 81' lang='grc' dir='ltr'>καὶ</span> <span class='ocrx_word' id='word_1_272' title='bbox 575 2040 642 2081; x_wconf 83' lang='grc' dir='ltr'>τὰς</span> <span class='ocrx_word' id='word_1_273' title='bbox 668 2040 831 2089; x_wconf 64' lang='grc' dir='ltr'><em>Ἀθήνας</em></span> <span class='ocrx_word' id='word_1_274' title='bbox 866 2045 1086 2088; x_wconf 84' lang='grc' dir='ltr'><em>μετενεγκεῖν</em></span> <span class='ocrx_word' id='word_1_275' title='bbox 1120 2042 1224 2089; x_wconf 84' lang='lat' dir='ltr'>(decl.</span> <span class='ocrx_word' id='word_1_276' title='bbox 1239 2043 1329 2079; x_wconf 90' lang='lat' dir='ltr'>XIV</span> <span class='ocrx_word' id='word_1_277' title='bbox 1356 2043 1376 2088; x_wconf 67' lang='grc' dir='ltr'><strong>ξ</strong></span> <span class='ocrx_word' id='word_1_278' title='bbox 1404 2041 1481 2088; x_wconf 84' lang='grc'>22);</span> <span class='ocrx_word' id='word_1_279' title='bbox 1526 2052 1609 2078; x_wconf 88' lang='lat' dir='ltr'>nam</span> 
     </span>
     <span class='ocr_line' id='line_1_33' title="bbox 256 2099 1609 2138; baseline 0.001 -3"><span class='ocrx_word' id='word_1_280' title='bbox 256 2099 368 2135; x_wconf 85' lang='lat' dir='ltr'>Naxii</span> <span class='ocrx_word' id='word_1_281' title='bbox 395 2100 560 2136; x_wconf 90' lang='lat' dir='ltr'>nonnulli</span> <span class='ocrx_word' id='word_1_282' title='bbox 587 2111 609 2135; x_wconf 90' lang='lat' dir='ltr'>a</span> <span class='ocrx_word' id='word_1_283' title='bbox 634 2101 757 2136; x_wconf 89' lang='lat' dir='ltr'>Persis</span> <span class='ocrx_word' id='word_1_284' title='bbox 789 2101 932 2136; x_wconf 88' lang='lat' dir='ltr'>subacti</span> <span class='ocrx_word' id='word_1_285' title='bbox 960 2104 995 2137; x_wconf 90' lang='lat' dir='ltr'>et</span> <span class='ocrx_word' id='word_1_286' title='bbox 1025 2101 1062 2136; x_wconf 92' lang='lat' dir='ltr'>in</span> <span class='ocrx_word' id='word_1_287' title='bbox 1088 2101 1300 2138; x_wconf 88' lang='lat' dir='ltr'>servitutem</span> <span class='ocrx_word' id='word_1_288' title='bbox 1331 2100 1479 2137; x_wconf 86' lang='lat' dir='ltr'>abducti</span> <span class='ocrx_word' id='word_1_289' title='bbox 1505 2104 1609 2137; x_wconf 89' lang='lat' dir='ltr'>erant</span> 
     </span>
    </p>
   </div>
   <div class='ocr_carea' id='block_1_4' title="bbox 253 2197 1609 2579">
    <p class='ocr_par' dir='ltr' id='par_1_4' title="bbox 253 2197 1609 2430">
     <span class='ocr_line' id='line_1_34' title="bbox 357 2197 1609 2235; baseline 0.001 -9"><span class='ocrx_word' id='word_1_290' title='bbox 357 2198 377 2234; x_wconf 89' lang='lat'>¹)</span> <span class='ocrx_word' id='word_1_291' title='bbox 400 2197 505 2226; x_wconf 85' lang='lat' dir='ltr'>Nonne</span> <span class='ocrx_word' id='word_1_292' title='bbox 531 2206 598 2226; x_wconf 89' lang='lat' dir='ltr'>cum</span> <span class='ocrx_word' id='word_1_293' title='bbox 620 2197 720 2226; x_wconf 89' lang='lat' dir='ltr'>Hudio</span> <span class='ocrx_word' id='word_1_294' title='bbox 743 2197 932 2227; x_wconf 88' lang='lat' dir='ltr'>scribendum</span> <span class='ocrx_word' id='word_1_295' title='bbox 953 2200 1001 2227; x_wconf 83' lang='lat' dir='ltr'>est</span> <span class='ocrx_word' id='word_1_296' title='bbox 1024 2199 1217 2235; x_wconf 77' lang='grc' dir='ltr'><em>Φιλιππίδην,</em></span> <span class='ocrx_word' id='word_1_297' title='bbox 1248 2198 1326 2234; x_wconf 91' lang='lat' dir='ltr'>quod</span> <span class='ocrx_word' id='word_1_298' title='bbox 1354 2201 1384 2227; x_wconf 85' lang='lat' dir='ltr'>et</span> <span class='ocrx_word' id='word_1_299' title='bbox 1406 2198 1551 2228; x_wconf 81' lang='lat' dir='ltr'>Libanius</span> <span class='ocrx_word' id='word_1_300' title='bbox 1578 2201 1609 2227; x_wconf 85' lang='lat' dir='ltr'>et</span> 
     </span>
     <span class='ocr_line' id='line_1_35' title="bbox 255 2246 1608 2283; baseline 0.001 -9"><span class='ocrx_word' id='word_1_301' title='bbox 255 2246 425 2275; x_wconf 85' lang='lat' dir='ltr'>Pausanias</span> <span class='ocrx_word' id='word_1_302' title='bbox 452 2248 483 2274; x_wconf 88' lang='lat' dir='ltr'>et</span> <span class='ocrx_word' id='word_1_303' title='bbox 509 2247 572 2283; x_wconf 90' lang='lat' dir='ltr'>ipse</span> <span class='ocrx_word' id='word_1_304' title='bbox 595 2246 781 2275; x_wconf 83' lang='lat' dir='ltr'>Herodotum</span> <span class='ocrx_word' id='word_1_305' title='bbox 810 2249 931 2275; x_wconf 87' lang='lat' dir='ltr'>secutus</span> <span class='ocrx_word' id='word_1_306' title='bbox 958 2246 1127 2283; x_wconf 83' lang='lat' dir='ltr'>praebent?</span> <span class='ocrx_word' id='word_1_307' title='bbox 1169 2247 1234 2275; x_wconf 86' lang='lat' dir='ltr'>Huc</span> <span class='ocrx_word' id='word_1_308' title='bbox 1261 2246 1387 2283; x_wconf 81' lang='lat' dir='ltr'>accedit,</span> <span class='ocrx_word' id='word_1_309' title='bbox 1415 2247 1493 2283; x_wconf 90' lang='lat' dir='ltr'>quod</span> <span class='ocrx_word' id='word_1_310' title='bbox 1516 2247 1608 2276; x_wconf 80' lang='lat' dir='ltr'>etiam</span> 
     </span>
     <span class='ocr_line' id='line_1_36' title="bbox 253 2295 1608 2334; baseline 0.001 -10"><span class='ocrx_word' id='word_1_311' title='bbox 253 2295 402 2325; x_wconf 87' lang='lat' dir='ltr'>Herodoti</span> <span class='ocrx_word' id='word_1_312' title='bbox 430 2295 524 2325; x_wconf 84' lang='lat' dir='ltr'>codex</span> <span class='ocrx_word' id='word_1_313' title='bbox 550 2295 704 2325; x_wconf 83' lang='lat' dir='ltr'>Romanus</span> <span class='ocrx_word' id='word_1_314' title='bbox 733 2296 788 2325; x_wconf 81' lang='lat'>123</span> <span class='ocrx_word' id='word_1_315' title='bbox 810 2305 829 2325; x_wconf 86' lang='lat' dir='ltr'>a</span> <span class='ocrx_word' id='word_1_316' title='bbox 854 2296 969 2326; x_wconf 86' lang='lat' dir='ltr'>Steinio</span> <span class='ocrx_word' id='word_1_317' title='bbox 998 2296 1105 2325; x_wconf 84' lang='lat' dir='ltr'>littera</span> <span class='ocrx_word' id='word_1_318' title='bbox 1131 2296 1158 2324; x_wconf 82' lang='lat' dir='ltr'>R</span> <span class='ocrx_word' id='word_1_319' title='bbox 1186 2296 1327 2334; x_wconf 86' lang='lat' dir='ltr'>signatus</span> <span class='ocrx_word' id='word_1_320' title='bbox 1356 2304 1415 2325; x_wconf 91' lang='lat' dir='ltr'>uno</span> <span class='ocrx_word' id='word_1_321' title='bbox 1444 2305 1480 2325; x_wconf 88' lang='lat' dir='ltr'>ex</span> <span class='ocrx_word' id='word_1_322' title='bbox 1509 2297 1608 2326; x_wconf 85' lang='lat' dir='ltr'>tribus</span> 
     </span>
     <span class='ocr_line' id='line_1_37' title="bbox 253 2345 1608 2382; baseline 0.001 -8"><span class='ocrx_word' id='word_1_323' title='bbox 253 2345 328 2374; x_wconf 88' lang='lat' dir='ltr'>locis</span> <span class='ocrx_word' id='word_1_324' title='bbox 349 2345 475 2374; x_wconf 87' lang='lat' dir='ltr'>sormam</span> <span class='ocrx_word' id='word_1_325' title='bbox 501 2346 632 2374; x_wconf 85' lang='lat' dir='ltr'>nominis</span> <span class='ocrx_word' id='word_1_326' title='bbox 655 2347 842 2382; x_wconf 79' lang='grc' dir='ltr'><em>Φιλιππίδην</em></span> <span class='ocrx_word' id='word_1_327' title='bbox 863 2345 962 2375; x_wconf 88' lang='lat' dir='ltr'>habet.</span> <span class='ocrx_word' id='word_1_328' title='bbox 1005 2346 1169 2382; x_wconf 81' lang='lat' dir='ltr'>Propterea</span> <span class='ocrx_word' id='word_1_329' title='bbox 1198 2346 1289 2374; x_wconf 82' lang='lat' dir='ltr'>etiam</span> <span class='ocrx_word' id='word_1_330' title='bbox 1311 2345 1389 2381; x_wconf 85' lang='lat' dir='ltr'>apud</span> <span class='ocrx_word' id='word_1_331' title='bbox 1412 2345 1608 2375; x_wconf 83' lang='lat' dir='ltr'>Plutarchum</span> 
     </span>
     <span class='ocr_line' id='line_1_38' title="bbox 253 2393 991 2430; baseline 0.003 -9"><span class='ocrx_word' id='word_1_332' title='bbox 253 2402 326 2422; x_wconf 84' lang='lat' dir='ltr'>mor.</span> <span class='ocrx_word' id='word_1_333' title='bbox 349 2402 376 2429; x_wconf 88' lang='lat' dir='ltr'>p.</span> <span class='ocrx_word' id='word_1_334' title='bbox 392 2393 450 2422; x_wconf 82' lang='lat'>862</span> <span class='ocrx_word' id='word_1_335' title='bbox 465 2395 490 2422; x_wconf 92' lang='lat' dir='ltr'>A</span> <span class='ocrx_word' id='word_1_336' title='bbox 515 2395 701 2430; x_wconf 77' lang='grc' dir='ltr'><em>Φιλιππίδην</em></span> <span class='ocrx_word' id='word_1_337' title='bbox 723 2394 912 2423; x_wconf 84' lang='lat' dir='ltr'>scribendum</span> <span class='ocrx_word' id='word_1_338' title='bbox 936 2396 991 2424; x_wconf 88' lang='lat' dir='ltr'>est.</span> 
     </span>
    </p>

    <p class='ocr_par' dir='ltr' id='par_1_5' title="bbox 254 2442 1608 2521">
     <span class='ocr_line' id='line_1_39' title="bbox 353 2442 1608 2480; baseline 0.001 -9"><span class='ocrx_word' id='word_1_339' title='bbox 353 2442 375 2478; x_wconf 63' lang='grc'>2)</span> <span class='ocrx_word' id='word_1_340' title='bbox 406 2442 519 2471; x_wconf 83' lang='lat' dir='ltr'>Eadem</span> <span class='ocrx_word' id='word_1_341' title='bbox 549 2445 716 2472; x_wconf 85' lang='lat' dir='ltr'>narrantur</span> <span class='ocrx_word' id='word_1_342' title='bbox 745 2443 824 2480; x_wconf 86' lang='lat' dir='ltr'>apud</span> <span class='ocrx_word' id='word_1_343' title='bbox 855 2443 1040 2473; x_wconf 79' lang='lat' dir='ltr'>Pausaniam</span> <span class='ocrx_word' id='word_1_344' title='bbox 1069 2443 1083 2472; x_wconf 98' lang='grc' dir='ltr'>Ι</span> <span class='ocrx_word' id='word_1_345' title='bbox 1105 2443 1152 2480; x_wconf 83' lang='grc'>28,</span> <span class='ocrx_word' id='word_1_346' title='bbox 1172 2444 1191 2472; x_wconf 91' lang='grc'>4</span> <span class='ocrx_word' id='word_1_347' title='bbox 1221 2443 1397 2480; x_wconf 79' lang='lat' dir='ltr'>deprompta</span> <span class='ocrx_word' id='word_1_348' title='bbox 1424 2442 1542 2479; x_wconf 81' lang='lat' dir='ltr'>quidem</span> <span class='ocrx_word' id='word_1_349' title='bbox 1572 2452 1608 2472; x_wconf 87' lang='lat' dir='ltr'>ex</span> 
     </span>
     <span class='ocr_line' id='line_1_40' title="bbox 254 2491 416 2521; baseline 0.006 -1"><span class='ocrx_word' id='word_1_350' title='bbox 254 2491 416 2521; x_wconf 88' lang='lat' dir='ltr'>Herodoto.</span> 
     </span>
    </p>

    <p class='ocr_par' dir='ltr' id='par_1_6' title="bbox 352 2540 1198 2579">
     <span class='ocr_line' id='line_1_41' title="bbox 352 2540 1198 2579; baseline 0.002 -10"><span class='ocrx_word' id='word_1_351' title='bbox 352 2541 374 2577; x_wconf 84' lang='lat'>¹³)</span> <span class='ocrx_word' id='word_1_352' title='bbox 396 2540 463 2569; x_wconf 93' lang='lat' dir='ltr'>Vol.</span> <span class='ocrx_word' id='word_1_353' title='bbox 486 2541 529 2571; x_wconf 92' lang='lat' dir='ltr'>IV</span> <span class='ocrx_word' id='word_1_354' title='bbox 551 2550 577 2577; x_wconf 88' lang='lat' dir='ltr'>p.</span> <span class='ocrx_word' id='word_1_355' title='bbox 594 2542 750 2570; x_wconf 82' lang='lat'>447—459</span> <span class='ocrx_word' id='word_1_356' title='bbox 765 2542 792 2570; x_wconf 90' lang='lat' dir='ltr'><strong>R</strong></span> <span class='ocrx_word' id='word_1_357' title='bbox 815 2555 850 2566; x_wconf 92' lang='lat'><strong><em>=</em></strong></span> <span class='ocrx_word' id='word_1_358' title='bbox 872 2542 930 2572; x_wconf 85' lang='lat' dir='ltr'>vol.</span> <span class='ocrx_word' id='word_1_359' title='bbox 947 2542 990 2572; x_wconf 94' lang='lat' dir='ltr'>VI</span> <span class='ocrx_word' id='word_1_360' title='bbox 1011 2551 1038 2579; x_wconf 89' lang='lat' dir='ltr'>p.</span> <span class='ocrx_word' id='word_1_361' title='bbox 1053 2542 1198 2571; x_wconf 85' lang='lat'>87—108.</span> 
     </span>
    </p>
   </div>
  </div>
 </body>
</html>
