1848 2929
933 200 977 236 18

274 321 340 365 τω·-
370 328 407 353 se
443 317 587 362 timere,
624 329 678 362 ne,
714 318 745 353 si
780 318 953 362 pietatem
988 329 1075 362 erga
1109 321 1261 353 matrem
1297 317 1533 363 neglexisset,
1569 328 1630 353 eos

276 376 372 419 deos,
408 375 469 418 qui
497 375 615 419 ipsum
643 375 679 410 in
706 386 829 420 pugna
856 376 902 410 ad
928 376 1146 411 Salaminem
1174 375 1366 411 commissa
1393 375 1629 419 adiuvissent,

276 434 347 469 sibi
382 434 552 470 inimicos
585 435 770 478 redderet;
811 432 1032 474 Ἐλευσινίας
1065 437 1184 470 autem
1219 431 1314 474 θεας
1348 434 1630 470 Atheniensibus

279 492 419 529 favisse
446 493 589 538 accepit
615 504 659 529 ex
690 493 771 529 Her.
792 493 884 530 VIII
908 493 965 538 65,
993 493 1056 529 ubi
1084 496 1272 529 narratur:
1308 491 1378 541 ἔφη
1406 491 1446 529 δὲ
1474 491 1631 532 Δίκαιος

277 572 322 575 -
342 572 388 575 -
408 572 470 595 -,
505 550 627 587 ἐπείτε
654 550 811 598 ἐκείρετο
844 550 864 598 ἦ
891 549 1037 598 ’Λττικῆ
1063 550 1161 599 χώρη
1188 549 1262 587 ὑπὸ
1288 552 1354 586 τοῦ
1384 551 1499 595 πεζοῦ
1524 564 1630 597 στρα-

275 611 340 645 τοῦ
366 611 432 645 τοῦ
458 609 602 659 Ξέρξεω
630 609 738 647 ἐοῦσα
766 608 899 658 ἔρημος
926 608 1141 658 Ἀθηναιίον,
1173 612 1295 655 τυχεῖν
1320 609 1401 647 τότε
1427 607 1494 646 ἐών
1520 631 1566 636 —
1593 607 1630 646 ἕν

276 670 327 714 τῷ
356 669 520 716 Θριασίῳ
556 670 684 714 πεδίῳ,
722 668 812 705 ἰδεῖν
844 669 882 705 δὲ
914 667 1099 717 κονιορτὸν
1131 669 1311 717 χωρέοντα
1343 668 1409 706 ἀπ’
1432 667 1631 708 Ἐλευσῖνος

276 725 326 767 οἷς
352 725 493 776 ἀνδρῶν
518 726 677 773 μάλιστά
703 742 746 776 κῃ
772 729 1008 777 τρισμυρίων,
1043 726 1331 774 ἀποθωυμάζειν
1362 727 1400 765 τέ
1427 740 1540 777 σφεας
1570 725 1632 763 τὸν

274 785 460 835 κονιορτόν
486 785 597 824 ὅτεών
623 802 702 824 κοτε
730 788 786 835 εἴη
813 786 1033 835 ανθρώπων,
1060 789 1116 825 καὶ
1147 787 1304 836 πρόκατε
1322 789 1446 836 φωνῆς
1472 785 1628 829 οἷκούειν,

275 845 335 880 καί
362 844 397 880 οἱ
424 846 623 892 φαίνεσθαι
658 844 723 892 τῆν
749 845 872 893 ’μονὴν
898 842 987 881 εἶναι
1018 845 1079 881 τὸν
1104 845 1277 890 μυστικόν
1303 847 1427 889 ἰἀκχον
1460 849 1496 880 et
1520 846 1630 889 paulo

274 907 358 949 post
384 904 603 941 Demaratus
639 908 778 941 censet:
817 904 902 952 περὶ
935 904 972 942 δὲ
1009 906 1180 953 σιρατιῆς
1205 906 1313 953 τῆσδε
1348 903 1440 952 (scil.
1468 905 1533 953 τῆς
1558 904 1629 940 τῶν

276 962 467 1011 Ἑλλήνιον)
486 966 608 1001 θεοῖσι
637 963 807 1011 μελή-σεις
841 968 914 999 tum
935 966 1047 1000 verba
1072 964 1122 1011 μή·
1148 978 1210 1009 μοι.
1239 965 1398 1011 δυσμενῆ
1423 962 1560 1011 ποιήσῃ
1585 961 1630 999 τοὶ

277 1020 467 1066 πνεύματα
492 1022 677 1066 pertinent
695 1023 741 1057 ad
760 1023 925 1066 Boream,
946 1033 1048 1066 quem
1069 1022 1308 1058 Athenienses
1326 1023 1372 1058 ad
1391 1022 1513 1057 Athon
1529 1032 1630 1057 mon-

276 1083 348 1115 tem
372 1084 407 1116 et
434 1081 479 1116 ad
498 1080 733 1116 Artemisium
760 1080 1048 1125 promunturium
1075 1080 1230 1126 legimus
1257 1081 1351 1125 apud
1370 1080 1456 1116 Her.
1467 1080 1539 1117 VII
1560 1080 1629 1116 189

277 1150 320 1173 ea
346 1150 386 1173 re
413 1139 613 1183 adiuvisse,
648 1141 742 1182 quod
768 1140 962 1174 Persarum
990 1140 1138 1175 navium
1170 1150 1336 1184 magnam
1365 1139 1507 1184 copiam
1534 1139 1629 1174 dele-

277 1201 350 1242 ret3
393 1197 574 1233 Aeacidas
609 1199 655 1233 ab
682 1197 967 1234 Atheniensibus
1002 1198 1141 1234 auxilio
1173 1198 1369 1234 arcessitos
1404 1208 1482 1234 esse
1513 1197 1630 1233 Hero—

277 1257 382 1291 dotus
426 1257 542 1292 tradit
577 1257 668 1293 VIII
695 1258 759 1292 64:
814 1255 1002 1301 εὐξάμενοι
1047 1256 1111 1304 γάρ
1157 1258 1245 1293 πᾶσι
1285 1259 1428 1294 θεοῖσιν
1469 1255 1630 1293 αὐτόθεν

276 1313 342 1359 μὲν
380 1314 418 1350 ἐκ
451 1315 658 1360 Σαλαμῖνος
692 1314 833 1351 Αἴαντά
873 1329 909 1351 τε
945 1315 1003 1351 καὶ
1042 1316 1236 1360 Τελαμῶνα
1270 1314 1519 1357 ἐπεκαλέοντο,
1565 1313 1629 1350 ἐπὶ

279 1373 319 1409 δὲ
347 1373 485 1409 Λίακὸν
511 1374 570 1409 καὶ
597 1373 683 1413 τοὺς,Ι
709 1373 840 1413 ἄλλους
868 1373 1050 1415 Αἰακίδας
1076 1374 1135 1410 νέα
1165 1373 1385 1411 ἀπέστελλον
1411 1373 1449 1414 ἐς
1476 1375 1630 1419 Αἴγιναν

279 1435 314 1466 et
352 1432 439 1468 VIII
467 1433 532 1467 84:
581 1431 771 1480 Λίγινῆίαι
803 1431 842 1468 δὲ
878 1433 968 1477 (scil.
997 1432 1157 1478 λέγουσι)
1198 1431 1258 1480 tif-v
1292 1430 1381 1468 κατὰ
1414 1430 1498 1472 τούς
1534 1430 1629 1467 Λία-

277 1491 381 1530 κίδας
407 1488 698 1538 (ἱποδημήσασαν
724 1489 777 1530 εἷς
797 1491 963 1536 Αἴγιναν,
990 1490 1123 1538 ταύτην
1149 1487 1239 1527 εἶναι
1268 1490 1330 1538 τὴν
1355 1489 1513 1538 ἄρξασαν
1534 1490 1628 1536 (scil.

276 1549 340 1595 τῆς
372 1547 409 1584 ἐν
435 1550 614 1594 Σαλαμῖνι
652 1548 878 1596 ναυμαχίης).
931 1549 1095 1593 Denique
1122 1551 1234 1585 verba
1267 1547 1318 1597 μῆ
1349 1547 1413 1596 τὴν
1445 1547 1630 1586 θάλατταν

276 1605 439 1644 ἐναντίαν
475 1607 572 1655 (scil.
602 1607 737 1656 ποιήσῃ
763 1609 893 1651 ἰοῦι-ο)
930 1619 974 1644 ea
1007 1619 1046 1644 re
1081 1608 1326 1653 explicantur,
1364 1608 1457 1652 quod
1484 1607 1629 1653 Graeci,

276 1670 467 1710 postquam
501 1667 635 1701 multae
667 1667 861 1702 Persarum
895 1677 1006 1702 naves
1041 1668 1087 1702 ad
1118 1667 1309 1711 Sepiadem
1343 1666 1630 1711 promunturium

276 1725 314 1762 vi
346 1726 459 1761 maris
494 1725 727 1770 naufragium
764 1727 943 1771 fecerunt,
978 1726 1146 1771 Neptuno
1179 1729 1302 1771 grates
1335 1728 1501 1771 egerunt,
1529 1725 1628 1769 *quod

278 1795 339 1819 eos
374 1785 548 1827 servavit,
584 1788 624 1818 ut
650 1785 856 1819 Herodotus
891 1788 1018 1819 narrat
1051 1785 1122 1820 VII
1154 1785 1236 1819 192:
1280 1787 1358 1823 τοῖς
1389 1783 1430 1819 δὲ
1455 1782 1630 1830 ’Ἕλλησιν

276 1840 311 1877 οἱ
354 1840 594 1889 ἡμεροσκόποι
637 1840 713 1878 (isa)
748 1842 820 1877 τῶν
858 1841 975 1890 ἄκρων
1013 1843 1084 1876 τῶν
1120 1840 1304 1887 Εὖβοϊκῶν
1341 1840 1631 1889 καταδραμόντες

277 1899 428 1947 δευτέρῃ
464 1899 595 1948 ἡμέρῃ,
633 1898 699 1936 ἄπ’
732 1894 772 1947 ἧς
806 1899 824 1934 ὁ
851 1899 987 1945 χειμών
1021 1899 1039 1935 ὁ
1075 1902 1220 1948 πρῶτος
1253 1899 1404 1946 ἐγένετο,
1440 1899 1631 1948 ἐσήμαινον

277 1958 398 1995 πάντα
436 1957 481 1995 τοὶ
520 1958 690 2005 γενόμενα
730 1959 816 2007 περὶ
855 1957 919 2007 τήν
960 1960 1140 2007 ναυηγίην.
1194 1958 1228 1995 οἱ
1265 1958 1305 1995 δὲ
1344 1957 1394 1999 ὡς
1432 1957 1629 2000 ἐπύθοντο,

279 2017 501 2054 Ποσειδέωνι
532 2019 669 2066 σωτῆρι
696 2016 884 2064 εὐξάμενοι
916 2019 975 2054 καὶ
1002 2016 1162 2058 σπονδὰς
1188 2018 1407 2066 προχέαντες
1435 2039 1479 2043 -
1508 2016 1630 2054 ὀπίσω

279 2075 470 2124 ἠπείγοντο
512 2081 548 2112 et
581 2077 653 2114 VII
684 2078 769 2113 193:
826 2077 1075 2118 Ποσειδέωνος
1114 2079 1277 2126 σωτῆρος
1313 2076 1522 2124 ἐπωνυμίην
1556 2075 1631 2113 dmi

277 2134 408 2170 τούτου
434 2134 484 2171 ἔτι
514 2136 574 2171 καὶ
602 2135 638 2177 ἐς
665 2135 748 2173 τόδε
775 2137 983 2181 νομίζοντες
1010 2136 1103 2183 (scil.
1125 2134 1320 2184 Ἕλληνες).

377 2205 409 2239 3.
438 2205 680 2240 Transeamus
708 2206 753 2240 ad
773 2205 1081 2249 declamationem,
1109 2215 1201 2248 quae
1225 2205 1451 2240 inscribitur:
1481 2203 1631 2249 Κίμων

278 2261 410 2299 αἰτῶν
448 2261 558 2310 ὑπὲρ
596 2264 672 2298 τοῦ
709 2261 873 2311 πατρὸς
908 2263 1142 2311 δεθῆναιῙ).
1195 2263 1318 2299 Etiam
1357 2263 1395 2298 in
1429 2263 1497 2299 hac
1535 2263 1631 2298 haud

277 2322 405 2366 paucis
441 2322 533 2357 locis
570 2322 748 2357 Libanius
787 2333 831 2357 ex
868 2323 1051 2357 Herodoto
1090 2321 1270 2368 pendet2).
1322 2322 1431 2359 Velut
1467 2322 1557 2357 dicit
1593 2322 1631 2357 in

379 2420 399 2457 ¹)
423 2419 490 2448 Vol.
513 2419 558 2449 IV
578 2428 605 2456 p.
622 2419 779 2448 335—348
794 2419 820 2447 R
843 2432 877 2443 =
900 2418 958 2449 vol.
975 2419 1002 2449 V
1023 2428 1050 2456 p.
1066 2419 1222 2449 511—528
1244 2419 1275 2450 F.

376 2469 398 2505 ²)
421 2469 497 2498 Vide
526 2469 669 2498 Foerst.
693 2468 738 2497 ed.
760 2469 865 2498 Liban.
893 2469 950 2498 vol.
966 2469 993 2497 V
1015 2478 1082 2505 pag.
1098 2469 1156 2498 508
1182 2469 1285 2498 adnot.
1303 2470 1336 2498 1:
1366 2468 1425 2505 „In
1450 2469 1537 2498 rebus
1562 2477 1631 2498 vero

277 2516 403 2553 singulis
424 2517 575 2546 Libanius
596 2517 782 2546 Herodotum
805 2517 901 2554 mayis
923 2525 1011 2553 quam
1034 2517 1188 2553 Ephorum
1211 2520 1327 2546 secutus
1349 2520 1392 2545 est
1413 2518 1485 2546 etc.“
