1848 2929
924 205 972 240 58

269 320 461 358 εὖπαθεῖ
491 325 527 358 et
551 322 623 366 pol.
651 322 670 357 I
696 333 730 366 p.
750 323 820 357 347
840 322 884 359 O:
925 321 1007 359 τότε
1032 321 1201 370 ἔρχονται
1227 320 1289 357 ἐπὶ
1315 320 1358 357 τό
1382 319 1519 370 ἄρχειν,
1554 320 1623 366 οὐχ

268 378 318 421 ὥς
351 378 408 416 ἐπ’
434 378 576 426 ἀγαθόν
608 394 644 416 τι
681 378 796 420 ἰόντες
828 378 909 418 οὐδ’
936 379 986 423 ὠς
1019 378 1354 429 εὐπαθήσοντες
1385 378 1422 415 ἐν
1455 377 1555 426 αὐτῷ
1588 382 1624 416 et

267 441 364 484 apud
389 439 674 476 Plutarchum
700 450 787 476 mor.
815 451 849 484 p.
872 441 942 476 176
959 441 1002 476 B.

366 497 737 542 καταπλουτίζειν
785 497 944 544 (divitem
973 499 1099 544 facere
1136 497 1304 545 aliquem)
1345 497 1625 543 deprehenditur

269 558 366 603 apud
407 558 587 594 rhetorem
637 557 675 593 in
717 557 788 594 vol.
823 557 876 595 IV
901 558 1059 604 930,18
1084 558 1135 594 R:
1193 557 1624 599 καταπλουτίσαντες

270 615 492 662 ἀπέπεμπον
531 620 567 652 et
605 618 702 662 apud
738 617 962 653 Herodotum
1000 618 1052 655 VI
1082 618 1169 653 132:
1215 615 1366 664 αἰτήσας
1399 615 1440 653 δὲ
1477 615 1575 662 (scil.
1604 614 1624 651 ὁ

270 673 500 724 Μιλτιάδης)
543 673 626 716 νέας
669 673 915 724 ἑβδομήκοντα
957 675 1019 712 καὶ
1059 673 1232 724 στρατιήν
1273 688 1312 711 τε
1354 674 1414 711 καὶ
1457 672 1624 723 χρήματα

267 733 502 782 Ἀθηναίους,
537 733 581 770 ού
611 734 757 783 φράσας
784 747 850 783 σφι
882 733 941 771 ἐπ’
967 732 1009 783 ἢν
1035 733 1336 783 ἐπιστρατεύεται
1366 732 1497 782 χώρην,
1531 731 1624 769 α’λλοὶ

269 791 343 842 φάς
373 791 508 835 αύτούς
540 794 896 836 καταπλουτιεῖν,
931 792 973 842 ἤν
1005 792 1041 829 οἱ
1073 792 1246 830 ἕπωνται.
1298 794 1348 829 Et
1380 794 1448 829 hoc
1474 794 1623 830 verbum

269 853 450 889 Libanius
485 864 529 889 ex
561 853 747 889 Herodoto
782 853 978 898 sumpsisse
1012 853 1102 888 mihi
1136 853 1296 897 videtur,
1332 852 1501 896 quoniam
1532 863 1624 896 quae

269 912 366 955 apud
392 911 496 946 illum
523 912 566 946 de
593 911 824 955 expeditione
856 922 878 946 a
904 911 1072 946 Miltiade
1098 914 1226 946 contra
1251 910 1381 946 Parios
1413 910 1515 946 facta
1540 921 1624 945 nar-

267 972 407 1013 rantur,
435 970 616 1005 rhetorem
642 971 732 1005 bene
758 969 905 1006 novisse
930 969 1004 1004 iam
1031 980 1143 1014 supra
1168 969 1325 1005 vidimus
1338 969 1375 1015 ¹).
1428 968 1531 1014 Quod
1556 969 1624 1004 hoc

268 1029 418 1063 verbum
462 1028 573 1063 etiam
618 1029 714 1072 apud
759 1028 1087 1072 Xenophontem
1126 1038 1199 1063 oec.
1235 1028 1287 1064 IV
1314 1029 1334 1062 7
1374 1030 1509 1072 exstat,
1557 1028 1625 1062 hoc

267 1086 347 1123 loeo
382 1097 462 1123 eum
494 1085 618 1123 dativo
654 1084 787 1134 δώροις
812 1085 982 1133 μεγάλοις
1016 1086 1259 1132 coniungitur,
1293 1085 1473 1122 Libanius
1503 1089 1624 1122 autem

267 1156 380 1189 aeque
414 1149 523 1189 atque
549 1146 756 1181 Herodotus
788 1146 953 1181 absolute
984 1157 1025 1181 eo
1058 1146 1182 1181 utitur.
1234 1146 1431 1180 Praeterea
1463 1156 1534 1180 non
1560 1145 1619 1180 de-

266 1203 504 1248 prehenditur
529 1203 602 1239 nisi
628 1204 725 1248 apud
751 1203 949 1249 scriptores
976 1207 1098 1240 aetate
1125 1203 1357 1249 posteriores.

366 1261 704 1307 καταχωννύναι.
764 1263 844 1299 Hoc
882 1264 1032 1299 verbum
1066 1262 1245 1298 Libanius
1284 1262 1432 1298 adhibet
1479 1262 1518 1297 in
1556 1262 1623 1297 illa

267 1321 548 1365 declamatione,
584 1331 676 1364 quae
711 1321 926 1356 inscribitur
958 1319 1035 1355 κατ’
1062 1319 1242 1364 Αἰσχίνου
1275 1319 1499 1367 πυλαγόρου,
1531 1320 1620 1355 decl.

268 1379 379 1416 XVII
401 1379 421 1425 ξ
441 1379 506 1415 30:
538 1377 588 1421 ὠς
614 1379 654 1416 δὲ
680 1379 832 1420 πολλοῖς
857 1377 1002 1426 ὀλίγους
1028 1377 1280 1423 καταχώσας
1306 1377 1398 1425 (scil.
1418 1376 1437 1415 ὁ
1456 1375 1622 1426 Πέρσης)

268 1436 355 1477 τούς
373 1438 680 1483 Λακεδαιμονίων
706 1437 744 1473 ἐν
772 1437 925 1479 Πύλαις,
953 1448 1056 1481 quem
1083 1438 1200 1473 locum
1225 1441 1339 1473 totum
1367 1448 1412 1472 ex
1437 1437 1622 1472 Herodoto

269 1496 356 1541 (VII
375 1496 461 1543 225)
489 1497 739 1541 depromptum
766 1507 844 1532 esse
870 1495 943 1531 iam
970 1507 1082 1541 supra
1092 1495 1117 1540 ²)
1145 1495 1485 1540 demonstravimus3
1513 1494 1623 1530 etiam

269 1556 366 1599 apud
391 1556 616 1591 Herodotum
649 1555 715 1590 illo
748 1555 828 1591 loco
862 1557 1011 1590 verbum
1045 1553 1293 1598 κατέχωσαν
1328 1558 1364 1590 et
1396 1553 1504 1598 paulo
1539 1557 1623 1598 post

266 1613 503 1658 participium
530 1611 779 1659 συγχώσαντες
809 1613 955 1658 legitur.
1007 1613 1202 1658 Significat
1228 1616 1348 1648 autem
1379 1612 1446 1648 hoc
1471 1613 1621 1648 verbum

266 1673 363 1717 apud
380 1676 571 1716 utrumque
591 1673 684 1708 idem
703 1673 798 1716 quod
815 1671 989 1708 Latinum
1014 1672 1090 1708 telis
1116 1672 1287 1717 cooperire
1313 1672 1472 1716 aliquem.
1510 1671 1622 1706 Prae-

267 1735 368 1766 terea
386 1731 669 1774 deprehenditur
686 1731 783 1775 apud
800 1731 1023 1765 Herodotum
1050 1730 1102 1766 IV
1123 1731 1208 1765 173:
1235 1729 1295 1765 καὶ
1318 1728 1440 1765 ἐπείτε
1463 1727 1622 1775 ἐγίνοντο

267 1787 305 1823 ἐν
331 1790 375 1836 τῇ
401 1787 556 1836 ψάμμῳ,
582 1787 742 1828 πνεύσας
769 1787 788 1824 ό
806 1787 910 1830 νότος
935 1786 1151 1832 κατέχωσε
1178 1800 1294 1836 σφεας
1320 1791 1356 1823 et
1374 1787 1432 1823 III
1450 1788 1513 1823 26:
1540 1785 1622 1835 ἄρι-

268 1860 353 1883 στον
370 1845 616 1894 αἱρεομένοισι
641 1845 787 1884 αὑτοῖσι
810 1846 1034 1883 ἐπιπνεῦσαι
1058 1845 1162 1882 νότον
1178 1845 1290 1892 μέγαν
1306 1859 1345 1882 τε
1362 1847 1424 1882 καὶ
1447 1844 1620 1890 ἐξαίσιον,

267 1905 448 1954 φορέοντα
484 1905 525 1942 δὲ
560 1909 669 1946 θῖνας
704 1908 769 1954 τῆς
807 1906 965 1954 ψάμμου
999 1905 1247 1949 καταχιόσαί
1284 1917 1415 1953 σφεας,
1455 1909 1491 1941 et
1526 1906 1622 1950 apud

268 1965 606 2009 Aristophanem
645 1965 802 1999 Acharn.
836 1976 869 2000 v.
895 1966 983 1999 295:
1024 1963 1114 1999 κατά
1151 1977 1190 1999 σε
1226 1963 1390 2008 χώσομεν
1426 1963 1550 2004 λίθοις
1585 1967 1622 1998 et

267 2024 363 2069 apud
397 2023 620 2059 Platonem
654 2023 750 2060 Crat.
786 2034 819 2068 p.
840 2023 911 2059 414
938 2023 982 2060 G:
1017 2021 1062 2059 τὰ
1096 2023 1224 2072 πρῶτα
1263 2020 1422 2068 ὀνόματα
1463 2021 1620 2061 τεθέντα

267 2082 538 2126 κατακέχωσται
574 2080 637 2129 ἤδη
666 2081 741 2118 ὑπὸ
767 2084 838 2117 τῶν
863 2082 1091 2127 βουλομένων
1116 2083 1314 2129 τραγῳδεῖν
1338 2080 1432 2117 αὐτά
1463 2086 1498 2117 et
1523 2083 1620 2126 apud

265 2141 505 2186 posteriores;
542 2141 599 2176 his
627 2141 769 2184 quidem
796 2140 887 2176 locis
914 2140 1096 2176 notionem
1122 2141 1296 2176 obruendi
1321 2141 1441 2176 habet.

365 2201 671 2247 λειποψυχεῖν.
716 2199 818 2244 Quod
844 2200 882 2235 in
910 2211 964 2244 ep.
987 2200 1080 2235 1474
1106 2200 1285 2236 Libanius
1311 2200 1460 2236 scribit:
1489 2199 1619 2243 ἰχθῦσι

265 2262 343 2299 τοῖς
379 2257 443 2294 ἐπὶ
479 2260 544 2305 τῆς
582 2256 705 2306 ἠιόνος
737 2257 1082 2304 λειποψυχοῦσι,
1122 2258 1285 2302 equidem
1318 2262 1405 2302 puto
1440 2268 1519 2293 eum
1552 2258 1620 2293 hoc

265 2319 415 2354 verbum
444 2328 487 2353 ex
514 2317 700 2354 Herodoto
728 2316 799 2354 VH
818 2317 889 2353 229
915 2314 1198 2365 (Ἀριστόδημον
1224 2315 1264 2354 δὲ
1289 2315 1619 2365 λιποψυχέοντα

266 2377 483 2424 λειφθῆναι)
501 2376 711 2420 sumpsisse,
736 2375 905 2418 quoniam
923 2386 1035 2419 aeque
1058 2379 1166 2419 atque
1184 2375 1223 2411 in
1241 2375 1330 2411 decl.
1349 2375 1421 2412 vol.
1441 2375 1617 2419 1V633‚5

366 2473 387 2510 ¹)
409 2473 486 2503 Vide
506 2482 576 2511 pag.
598 2473 637 2502 20
657 2475 689 2503 et
710 2472 756 2502 21.

365 2522 388 2559 ¹)
408 2522 485 2552 Vide
505 2530 574 2559 pag.
598 2522 645 2552 23.
