1848 2929
926 220 971 255 72

274 338 344 374 VII
372 338 429 381 52,
450 338 487 372 2:
535 336 755 382 βουλόμενον
789 336 1142 385 περικλῄσασθαι
1178 336 1252 378 τοῖς
1286 339 1388 377 ναῦς
1423 339 1495 373 τῶν
1529 337 1626 373 ἐναν-

272 395 379 441 τίων;
416 395 529 431 simili
552 396 656 431 modo
684 396 780 440 apud
805 395 1036 442 Polybium
1063 396 1081 431 I
1099 397 1157 441 53,
1175 396 1238 442 10,
1274 395 1455 432 translata
1480 395 1627 433 notione

273 456 370 500 apud
396 455 510 492 Sext.
531 455 644 500 Emp.
673 455 755 491 adv.
776 455 845 491 eth.
870 456 937 491 162
965 455 1034 502 (ed.
1053 456 1213 503 Bekker)
1241 455 1443 492 adhibetur.

371 516 389 536 *
405 513 698 561 προσπταίειν
724 514 872 558 (cladem
899 515 1078 559 accipere).
1113 514 1303 559 L'ibanius‚
1331 524 1410 550 cum
1428 513 1519 549 dicit
1536 514 1625 549 decl.

273 572 327 608 IX
356 573 421 608 49:
462 570 496 608 εἰ
526 570 558 609 δ’
583 569 718 620 ἀνάγκη
748 586 784 608 τι
816 573 876 610 καὶ
915 575 1168 621 προσπταῖσαι
1207 573 1257 619 (si
1284 573 1370 619 fato
1408 573 1627 609 constitutum

272 636 337 675 est,
382 636 420 668 ut
462 632 593 668 cladem
635 633 835 677 accipiam),
880 631 958 667 sine
1001 632 1110 667 dubio
1153 632 1317 668 meminit
1358 632 1504 667 illorum
1545 642 1627 668 ver-

272 692 411 735 borum,
446 700 538 734 quae
572 690 778 727 Herodotus
810 690 962 726 Amasin
992 700 1115 735 regem
1142 690 1406 737 Aegyptiorum
1440 691 1487 726 ad
1518 690 1627 736 Poly-

273 752 409 785 cratem
440 749 661 785 scribentem
699 749 791 785 facit
823 749 880 785 ΙΙΙ
897 749 962 785 40:
999 747 1180 795 βούλομαι
1216 750 1276 786 καὶ
1311 747 1424 789 αὐτὸς
1460 749 1521 784 καὶ
1555 750 1627 784 τῶν

273 805 317 843 ἂν
354 805 522 855 κήδωμαι
563 805 611 843 τὸ
649 806 726 853 μέν
764 822 805 844 τι
845 805 1072 852 εὐτυχέειν
1110 808 1181 843 τῶν
1218 806 1459 856 πραγμάτων,
1497 805 1544 843 τό
1582 808 1627 845 δὲ

273 866 588 914 προσπταίειν;
633 877 716 902 nam
750 867 973 902 Herodotum
1007 870 1151 902 secutus
1185 867 1365 903 Libanius
1399 867 1482 902 huic
1515 868 1626 903 verbo

273 935 472 971 pronomen
515 925 743 962 indefinitum
785 939 820 962 τι
864 925 1061 972 subiungit.
1124 925 1287 963 Eandem
1338 926 1520 963 notionem
1561 926 1629 963 hoc

272 987 422 1021 verbum
456 986 567 1021 habet
600 986 697 1029 apud
731 986 954 1021 Herodotum
993 985 1010 1020 I
1038 986 1101 1020 16:
1154 985 1412 1033 προσπταίσας
1444 984 1626 1031 μεγάλως;

272 1043 291 1078 Ι
317 1043 382 1079 65;
418 1041 513 1091 πρὸς
549 1042 726 1091 Τεγεήτας
756 1042 914 1088 μούνους
945 1042 1214 1092 προσέπταιον;
1259 1044 1306 1079 of.
1335 1043 1445 1080 etiam
1478 1044 1517 1079 II
1545 1044 1625 1080 161.

272 1102 325 1138 VI
351 1102 408 1138 95.
437 1102 509 1137 VII
535 1102 614 1138 170.
636 1102 716 1138 210.
749 1102 805 1137 IX
834 1102 913 1138 107.
967 1103 1091 1146 Aeque
1128 1102 1322 1138 adhibetur
1359 1104 1406 1138 ab
1443 1102 1624 1139 Isocrat.

274 1161 482 1197 Archidam.
511 1162 531 1207 ξ
558 1162 623 1197 82:
668 1159 798 1210 ἐπειδὴ
828 1161 1163 1210 προσεπταίκαμεν,
1211 1162 1392 1198 Pausan.
1419 1162 1476 1198 IX
1501 1162 1560 1208 37,
1585 1163 1625 1198 2:

273 1218 439 1266 μεγάλως
473 1242 519 1246 -
554 1219 889 1268 προσπταίσαντες,
933 1221 1056 1257 Dion.
1084 1221 1197 1257 Cass.
1225 1221 1310 1258 LIV
1331 1222 1386 1256 11.
1418 1221 1544 1257 XLIX
1566 1222 1625 1258 32.

275 1280 382 1324 Apud
416 1283 556 1315 ceteros
590 1280 684 1315 idem
718 1279 905 1323 significat
939 1280 1033 1323 quod
1065 1280 1162 1324 apud
1192 1279 1346 1315 Latinos
1379 1281 1548 1325 offendere
1579 1281 1627 1316 ad

275 1338 433 1383 aliquam
458 1349 540 1373 rem.

374 1395 558 1444 ῥάπτειν
596 1396 802 1432 Herodotus
829 1399 865 1431 et
890 1396 1069 1431 Libanius
1095 1406 1174 1431 eum
1208 1400 1352 1432 secutus
1378 1406 1492 1440 aeque
1517 1400 1625 1441 atque

274 1456 454 1491 Homerus
502 1458 538 1490 et
579 1454 777 1499 Euripides
825 1454 1070 1499 metaphorice
1117 1454 1313 1499 adhibent3
1373 1455 1484 1491 ceteri
1526 1455 1627 1492 velut

275 1514 479 1559 Xenophon
506 1517 542 1549 et
567 1514 827 1549 Demosthenes
858 1513 1010 1558 propria
1043 1513 1190 1550 notione
1223 1514 1410 1550 consuendi
1440 1518 1626 1560 usurpant.

273 1573 446 1618 Legimus
473 1573 568 1608 enim
595 1573 692 1616 apud
717 1573 832 1607 Hom.
852 1572 955 1607 Iliad.
974 1572 1105 1608 XVIII
1130 1572 1201 1607 367
1234 1575 1271 1607 et
1296 1572 1426 1617 Odyss.
1454 1573 1512 1608 111
1539 1574 1625 1616 118;

274 1631 364 1668 XVI
387 1631 479 1666 423:
519 1629 624 1666 κακοὶ
650 1628 850 1678 ῥάπτειν,
894 1630 991 1665 Eur.
1011 1630 1124 1666 Andr.
1144 1630 1234 1666 837:
1279 1628 1413 1679 φόνον
1446 1629 1628 1679 ῥάπτειν

275 1694 311 1726 et
344 1690 421 1734 Iph.
442 1690 550 1725 Taur.
571 1690 659 1725 681:
699 1688 812 1737 μόρον
840 1687 1011 1736 ῥάπτειν;
1052 1689 1224 1724 similiter
1256 1690 1503 1725 Herodotus
1537 1690 1628 1725 dicit

273 1748 329 1783 IX
349 1749 410 1783 17:
438 1746 550 1795 φόνον
568 1745 722 1795 ῥάπτειν
734 1747 771 1793 ¹).
807 1747 889 1783 Non
908 1747 1018 1782 aliter
1034 1748 1183 1783 verbum
1209 1758 1232 1782 a
1249 1747 1407 1783 Libanio
1433 1747 1628 1783 adhibetur

273 1807 312 1842 in
345 1807 416 1843 vol.
444 1806 496 1843 IV
524 1806 606 1850 732,
626 1806 672 1841 22
697 1806 745 1841 R:
790 1808 869 1847 τοῖς
901 1803 967 1853 γὰρ
994 1800 1071 1847 οἷος
1104 1799 1211 1847 οὗτός
1244 1804 1344 1842 ἐστιν
1388 1803 1529 1842 ἀνελεῖν
1560 1805 1627 1852 μὲν

274 1863 470 1912 συμφοράν
497 1862 561 1900 οὐκ
586 1863 674 1905 ἔστι,
712 1863 853 1911 ῥάψαι
880 1863 925 1900 δὲ
950 1865 1022 1900 καὶ
1048 1862 1369 1900 κατασκευάσαι
1396 1864 1493 1909 (scil.
1522 1877 1626 1909 συμ-

206 1962 209 1964 ,
273 1921 433 1972 φοράν)
461 1925 498 1958 et
523 1922 562 1958 in
588 1932 643 1967 ep.
663 1922 752 1958 371:
787 1920 834 1957 τὸ
859 1919 995 1958 πάλαι
1021 1919 1297 1970 ῥαπτόμενον
1323 1920 1385 1958 ἐπὶ
1410 1920 1513 1965 τέλος
1530 1919 1625 1972 ἥκει.

373 1980 626 2028 σαγηνεύειν
651 1980 822 2026 (homines
847 1983 936 2018 sicut
951 1982 1060 2026 feras
1080 1982 1199 2026 playis
1225 1983 1369 2026 capere).
1422 1982 1627 2019 Herodotus

273 2041 364 2077 dicit
390 2041 441 2077 VI
467 2041 533 2076 31:
571 2038 665 2080 ὅκως
699 2039 739 2075 δὲ
772 2038 880 2085 λάβοι
913 2038 997 2075 τινα
1030 2041 1102 2074 τῶν
1138 2038 1254 2087 νήσων
1289 2039 1382 2086 (scil.
1410 2039 1429 2075 ὁ
1462 2039 1627 2082 ναυτικὸς

274 2098 430 2148 στρατὸς
456 2098 476 2134 ὁ
502 2098 704 2147 Περσέων),
736 2097 786 2139 ὥς
811 2096 963 2146 ἑκάστην
990 2096 1172 2146 αἱρέοντες
1205 2097 1240 2134 οἱ
1265 2097 1447 2148 βάρβαροι
1474 2098 1626 2148 ἐσαγή-

272 2171 396 2194 νευον
429 2156 532 2199 τοὺς
566 2156 853 2206 ἀνθρώπους·
888 2155 1172 2204 σαγηνεύουσι
1206 2156 1246 2194 δὲ
1271 2157 1395 2195 τόνδε
1425 2157 1496 2194 τὸν
1528 2157 1627 2207 τρό-

271 2231 362 2254 πον.
398 2216 489 2266 ἀνὴρ
515 2215 649 2266 ἄνδρός
674 2214 869 2264 ἁψάμενος
894 2217 959 2264 τῆς
977 2213 1097 2264 χειρὸς
1122 2215 1160 2252 ἐκ
1177 2215 1370 2266 θαλάσσης
1393 2218 1458 2266 τῆς
1474 2217 1628 2267 βορηίης

273 2277 336 2313 ἐπὶ
371 2275 437 2325 τήν
472 2274 595 2324 νοτιὴν
631 2274 810 2324 διήκουσι,
846 2275 908 2311 καὶ
943 2273 1071 2311 ἔπειτα
1107 2274 1178 2312 διὰ
1215 2274 1356 2324 πάσης
1387 2277 1462 2324 τῆς
1497 2275 1628 2325 νήσου

273 2334 526 2384 διέρχονται
558 2332 877 2384 ἐκθηρεύοντες
907 2332 1007 2376 τοὺς
1032 2332 1316 2383 ἀνθρώπους·
1352 2333 1474 2384 αἵρεον
1499 2334 1540 2372 δὲ
1564 2335 1627 2372 καὶ

373 2435 393 2471 ¹)
418 2433 502 2463 Unde
523 2433 578 2463 hoc
601 2434 726 2463 verbum
752 2432 830 2462 hane
852 2432 1036 2462 translatam
1058 2434 1212 2463 notionem
1236 2434 1394 2470 acceperit,
1424 2434 1553 2464 dilucide
1575 2443 1627 2471 ap-

273 2486 361 2518 paret
387 2492 422 2511 ex
449 2484 487 2512 iis
516 2492 593 2519 quae
613 2482 787 2512 Herodotus
814 2482 1046 2518 proverbialiter
1073 2482 1147 2511 dicit
1175 2482 1219 2512 VI
1241 2483 1274 2511 1:
1305 2481 1392 2512 τοῦτο
1421 2481 1453 2512 τὸ
1485 2481 1626 2522 ὑπόδημα

275 2532 409 2570 ἔρραψας
428 2533 487 2570 μὲν
508 2531 557 2568 σύ,
582 2530 750 2570 ὑπεδήσατο
772 2532 803 2561 δὲ
826 2532 946 2564 ἐκεῖνος.
