1848 2929
847 185 894 220 23

196 299 337 348 ἠγάσθη
368 299 411 336 ἂν
429 299 647 349 Ἵππαρχον,
687 302 861 338 Libanius
897 303 1070 347 imprimis
1103 314 1145 337 ex
1179 302 1307 337 Herod.
1337 302 1363 335 I
1384 304 1540 337 59—64.

201 360 236 395 V
256 362 313 395 55.
340 362 388 394 62
427 363 457 395 et
494 372 536 396 esc
578 360 685 396 Thac.
712 360 736 396 Ι
758 363 817 406 20,
840 364 905 396 2-
916 365 949 397 3.
1000 361 1056 396 VI
1078 364 1135 405 53,
1155 363 1298 405 3—59,
1317 363 1339 396 1
1377 360 1537 396 noverat“

195 418 435 466 [Markowski
460 419 483 454 l.
504 430 532 455 c.
560 430 594 464 p.
617 419 726 467 112].)

293 487 329 523 C.
374 487 444 523 Sed
483 488 591 523 etiam
630 488 760 524 ceteris
799 489 961 533 scriptis,
1007 499 1155 532 quorum
1195 487 1419 533 argumentis
1458 498 1538 523 cum

192 546 377 582 Herodoto
403 546 503 582 nulla
528 557 587 583 res
614 550 677 592 est,
705 547 882 583 Libanius
907 547 1104 592 permultas
1131 547 1330 583 sententias
1358 558 1403 583 ex
1421 547 1538 582 Hero-

193 604 270 640 doti
295 605 472 641 Historiis
499 605 677 642 delibatas
705 606 866 642 inseruit.

293 673 323 707 1.
351 673 405 708 Ac
431 673 584 717 primum
608 673 750 716 quidem
776 674 819 709 de
844 674 891 709 iis
910 674 1070 709 dicamus
1097 674 1297 718 sententiis,
1326 684 1415 717 quas
1442 684 1537 709 com—

192 731 315 775 plures
341 741 449 766 unum
475 731 513 766 in
539 731 656 767 locum
681 732 804 767 rhetor
829 732 957 777 coegit.

290 789 484 826 Ordiamur
509 800 531 825 a
557 790 817 825 declamatione
840 801 931 834 quae
957 791 1167 826 inscribitur
1193 790 1317 836 λόγος
1343 789 1436 825 κατ’
1457 789 1537 825 Αἰ-

192 848 342 891 σχίνου
367 846 663 895 πυλαγόρουῑ),
695 848 733 883 in
760 858 831 891 qua
855 848 1008 893 legimus
1035 849 1077 894 ἓξ
1104 849 1151 884 30
1178 852 1214 883 et
1239 849 1302 884 31:
1338 842 1417 895 ἧκεν
1441 847 1537 894 ἄγων

192 906 281 943 ποτὲ
307 904 369 954 τὴν
394 904 520 942 Ἀσίαν
545 906 604 943 καὶ
629 908 693 955 τῆς
720 905 899 955 Εὐρώπης
924 905 964 943 τὸ
992 906 1101 944 πλέον
1127 905 1185 955 ἐφ’
1212 906 1304 955 ἡμᾶς
1331 907 1422 953 (scil.
1451 905 1537 947 τούς

191 963 423 1011 Ἀθηναίους)
455 964 474 1000 ὁ
501 964 656 1012 Πέρσης.
696 964 744 1006 ὠς
776 964 816 1000 δὲ
842 967 993 1005 πολλοῖς
1027 964 1171 1010 ὀλίγους
1204 964 1417 1008 καταχώσας
1451 964 1536 1006 τούς

192 1023 496 1068 Λακεδαιμονίων
529 1021 565 1058 ἐν
599 1022 743 1064 Πύλαις
770 1021 919 1070 ἤλαυνεν
946 1022 1008 1058 ἐπὶ
1039 1021 1102 1069 τῆν
1127 1022 1256 1070 χώραν,
1288 1021 1353 1071 τὴν
1377 1022 1443 1068 μὲν
1473 1024 1536 1070 γῆν

190 1080 343 1129 ἀφεῖσαν
361 1080 396 1117 οἱ
416 1081 495 1117 τότε
513 1080 715 1128 Ἀθηναῖοι,
742 1080 805 1128 τήν
822 1081 1010 1118 θάλασσαν
1028 1080 1068 1117 δὲ
1090 1080 1169 1117 α’ντὶ
1188 1083 1251 1128 τῆς
1269 1081 1410 1121 πόλεως
1427 1077 1534 1125 εἶχον.

192 1139 210 1174 ὀ
230 1139 269 1176 δὲ
295 1134 344 1174 ὧν
367 1139 573 1186 κατέσκαψε
598 1137 662 1186 τὴν
680 1137 798 1181 πόλιν,
825 1137 961 1174 τούτων
989 1138 1118 1186 ἡττᾶτο
1135 1141 1337 1183 ναυμαχῶν.
1371 1138 1535 1184 οἰόμενος

192 1197 232 1234 δὲ
258 1196 391 1237 αὐτους
415 1196 512 1244 μάχῃ
537 1197 602 1241 μὲν
628 1196 692 1232 οὐκ
716 1196 759 1232 ἂν
785 1195 920 1233 ἁλῶναι
948 1195 1034 1244 δῶρ’
1059 1195 1108 1232 ἔτ’
1136 1196 1180 1232 ἂν
1206 1198 1293 1237 ἴσως
1320 1196 1464 1242 ἕτοιμος
1491 1194 1534 1245 ἦν

191 1254 236 1291 τὰ
262 1254 327 1301 μὲν
353 1255 491 1297 δοῦναι,
517 1254 562 1290 τὰ
589 1254 629 1292 δὲ
654 1254 870 1297 ἀποδοῦναι,
905 1253 1105 1291 ἀποδοῦναι
1140 1256 1206 1300 μὲν
1237 1257 1300 1303 γῆν
1325 1256 1385 1291 καὶ
1416 1255 1535 1298 πόλιν,

192 1315 319 1351 δοῦναι
352 1313 391 1351 δὲ
421 1313 587 1362 χρήματα
620 1312 794 1361 ἀμύθητα
829 1315 887 1350 καὶ
919 1312 959 1349 τὸ
990 1305 1115 1362 ἄρχειν
1138 1312 1322 1362 Ἑλλήνων,
1354 1315 1412 1350 καὶ
1438 1315 1533 1362 φίλῳ

192 1373 399 1422 χρήσασθαι
436 1374 487 1420 τῷ
513 1371 637 1414 Ἀσίας
671 1372 830 1420 δεσπότῃ
864 1394 910 1398 —-
945 1372 1062 1409 πάντα
1095 1372 1243 1421 ἡγοῦντο
1275 1373 1366 1418 (scil.
1395 1372 1429 1408 οἱ
1455 1371 1536 1409 τότε

190 1430 397 1479 Ἀθηναῖοι)
428 1431 566 1478 βλάβην
591 1433 651 1468 καὶ
678 1429 744 1467 οὐκ
770 1430 934 1475 ἐδέχοντο
967 1430 1010 1467 τά
1041 1430 1160 1467 αὐτῶν
1191 1430 1285 1467 οὕτω
1311 1433 1532 1477 κομίσασθαι

191 1490 316 1536 μεῖζον
346 1489 399 1530 εἷς
432 1488 621 1538 συμφορὰν
652 1489 839 1538 ἡγούμενοι
869 1488 910 1526 τό
943 1488 1003 1525 τόν
1028 1488 1180 1536 ῗᾶπαντα
1213 1489 1341 1538 χρόνον
1368 1489 1431 1527 ἐπὶ
1465 1492 1536 1525 τῶν

192 1551 348 1597 τριηρῶν
374 1548 548 1585 σαλεύειν.
600 1549 699 1594 Quae
725 1549 811 1592 quin
829 1549 1012 1584 Herodoto
1040 1549 1238 1584 debeantur
1263 1559 1365 1584 nemo
1392 1549 1534 1584 dubita—

192 1608 260 1652 bit;
296 1607 530 1644 inveniuntur
556 1608 648 1642 enim
667 1608 762 1651 apud
779 1607 973 1643 Libanium
1000 1607 1185 1652 complura
1202 1608 1380 1643 vocabula
1398 1608 1532 1652 eadem,

192 1666 321 1708 quibus
352 1667 556 1701 Herodotus
591 1666 629 1700 in
663 1666 790 1700 iisdem
824 1667 931 1701 rebus
964 1666 1157 1701 narrandis
1190 1676 1275 1701 usus
1309 1669 1373 1701 est.
1425 1666 1535 1702 Velut

191 1723 418 1759 conferamus
445 1723 594 1759 Libanii
619 1725 748 1759 verba:
797 1722 846 1764 ὠς
872 1722 912 1759 δὲ
938 1725 1087 1762 πολλοῖς
1113 1720 1255 1768 ὀλίγους
1284 1736 1388 1758 κατα
1395 1722 1535 1766 χώσας

190 1780 276 1823 τοὺς
301 1782 605 1827 Λακεδαιμονίων
631 1781 669 1818 ἐν
695 1782 837 1824 Πύλαις
863 1793 942 1819 cum
960 1783 1153 1826 Herodoto,
1181 1782 1242 1826 qui
1270 1782 1312 1817 de
1339 1792 1460 1826 pugna
1487 1783 1534 1818 ad

174 1841 452 1887 -Thermopylas
486 1842 677 1877 commissa
710 1842 800 1877 dicit
833 1842 905 1878 VII
931 1842 1018 1877 225:
1064 1839 1178 1889 σφέας
1212 1862 1266 1890 —y
1291 1839 1533 1885 ἀλεξομένους

190 1899 387 1948 μαχαίρῃσι
423 1922 468 1925 -
504 1900 563 1937 καὶ
596 1901 697 1948 χερσὶ
729 1900 787 1937 καὶ
821 1899 974 1946 στόμασι
1009 1899 1254 1943 κατέχωσαν
1288 1897 1323 1934 οἱ
1353 1898 1534 1948 βάρβαροι

191 1958 393 2005 βάλλοντες,
431 1958 466 1995 οἱ
501 1960 566 2005 μὲν
601 1959 640 2003 ἐξ
676 1959 841 2007 ἐναντίης
876 1959 1115 2005 ἐπισπόμενοι
1151 1959 1210 1994 καὶ
1244 1957 1286 1994 τὸ
1320 1956 1436 2006 ἔρυμα
1469 1960 1534 1994 τοῦ

191 2018 329 2061 τείχεος
366 2018 623 2064 συγχώσαντες,
657 2017 693 2054 οἱ
726 2018 766 2054 δὲ
799 2017 1056 2066 περιελθόντες
1089 2017 1269 2054 πάντοθεν
1302 2015 1533 2063 περισταδόν.

190 2077 283 2112 Item
309 2076 432 2114 verbis
457 2077 606 2114 Libanii
640 2076 689 2118 ὠς
715 2076 755 2113 δὲ
783 2098 827 2102 —-
854 2075 1003 2125 ἤλαυνεν
1029 2075 1091 2112 ε’πὶ
1122 2074 1184 2123 τῆν
1210 2074 1344 2123 χώραν,
1379 2073 1444 2122 τὴν
1468 2075 1535 2120 μὲν

193 2137 256 2182 γῆν
282 2133 467 2183 ἀφεῖσαν
493 2135 529 2171 οἱ
555 2135 634 2172 τότε
660 2134 867 2182 Ἀθηναῖοι,
899 2134 963 2182 τῆν
990 2134 1178 2172 θάλασσαν
1204 2133 1243 2169 δὲ
1272 2132 1352 2169 ἀντὶ
1378 2136 1442 2180 τῆς
1469 2132 1535 2170 πό-

192 2195 283 2235 λεως
308 2189 404 2238 εἶχον
436 2195 655 2239 respondent
680 2194 857 2230 Herodoti
885 2195 996 2230 verba
1028 2193 1120 2230 VIII
1145 2193 1209 2227 49:
1256 2190 1275 2239 ἦ
1302 2190 1367 2239 γάρ
1394 2190 1537 2240 Ἀττικὴ

191 2250 346 2289 ἀπεῖτο
382 2251 447 2301 Ίήδη
483 2257 518 2289 et
551 2253 642 2290 VIII
669 2255 733 2288 61:
779 2252 798 2288 ὁ
827 2252 1071 2299 Θεμιστοκλῆς
1097 2272 1141 2275 -
1169 2249 1337 2287 ἑωυτοῖσί
1367 2264 1406 2286 τε
1441 2251 1534 2298 (scil.

191 2314 286 2348 τοῖσι
312 2310 560 2359 Ἀθηναίοισι)
592 2311 721 2360 ἐδήλου
752 2310 843 2359 λόγῳ
875 2310 924 2351 ὠς
954 2311 1008 2358 ε’ίη
1040 2310 1100 2345 καὶ
1127 2309 1235 2349 πόλις
1260 2309 1319 2345 καὶ
1349 2310 1393 2356 γῆ
1417 2308 1537 2355 μέζων

194 2369 285 2419 ἥπερ
312 2370 503 2407 ἐκείνοισιν
535 2370 627 2419 (scil.
654 2373 747 2408 τοῖσι
778 2370 1044 2420 Κορινθίοισι),
1074 2366 1146 2404 ἔστ’
1172 2365 1216 2404 ἂν
1247 2368 1430 2416 διηκόσιαι
1461 2368 1538 2411 νέες

293 2478 314 2516 ¹)
335 2478 401 2508 vol.
424 2478 471 2507 111
492 2487 518 2515 p.
534 2478 691 2508 396—433
712 2478 739 2508 R
761 2491 797 2503 =
819 2478 877 2508 vol.
893 2477 936 2508 VI
956 2485 982 2514 p.
999 2475 1153 2506 192—239
1174 2475 1207 2504 F.
