1848 2929
890 185 938 222 26

232 303 347 337 ταῦτα
387 300 615 338 πιστεύσειεν
656 299 709 344 ἄν,
753 300 787 337 εί
825 300 987 340 πύθοιτο
1021 300 1209 348 βασιλεύς,
1253 300 1310 338 ὅτι
1349 300 1385 337 οἱ
1422 300 1484 339 τόν
1523 300 1586 338 σὸν

233 359 451 409 προπάτορα
489 359 551 396 τόν
590 360 806 408 καλύψαντα
840 362 884 409 τῇ
923 359 1073 407 δυνάμει
1116 362 1179 408 γῆν
1212 375 1249 397 τε
1286 361 1346 397 καὶ
1384 359 1584 401 θάλασσαν,

232 418 410 468 τρέμοντα
448 422 512 468 τῆς
551 418 734 468 Εὐρώπης
773 418 1004 465 ἐξελάσαντες
1042 420 1101 456 καὶ
1141 417 1377 468 δραπετεύειν
1413 418 1472 468 ἐφ’
1507 418 1587 460 ἑνὸς

232 478 497 525 ἀναγκάσαντες
523 479 670 517 πλοίου.
702 478 970 519 καταλύσαντες
1002 478 1115 515 ἐκεῖνο
1141 477 1183 514 τὸ
1209 477 1397 527 φρόνημα,
1429 492 1586 527 προσκυ-

234 539 337 574 νοῦσι
367 537 565 581 Φίλιππον,
593 548 684 582 quae
702 539 816 574 verba
842 537 1031 574 simillima
1049 541 1133 574 sunt
1160 538 1223 584 eis,
1252 548 1343 583 quae
1366 548 1477 583 supra
1495 537 1586 574 cita-

233 598 351 634 vimus
379 609 423 633 ex
441 598 530 633 decl.
550 598 586 633 X
605 599 649 633 27
665 597 689 642 ¹)
718 601 753 633 et
780 608 824 633 ex
851 597 940 633 decl.
960 598 1016 633 IX
1034 598 1081 633 39
1094 597 1137 643 2);
1166 597 1256 633 dicit
1282 597 1377 633 enim
1401 597 1523 632 rhetor
1548 596 1587 632 in

284 666 372 701 decl.
400 666 436 700 X
464 667 509 701 27
529 666 578 701 F:
612 665 880 701 καλύπτεται
910 666 912 711 Ι
989 664 1064 701 τὸν
1089 663 1346 712 καλύψαντα
1372 666 1417 712 τῇ
1435 663 1586 709 δυνάμει

235 723 275 760 δὲ
308 724 368 760 καὶ
403 723 423 772 ἦ
455 725 498 772 γῆ
528 724 629 771 πεζῷ
654 724 779 771 πολλῷ
810 725 880 761 καὶ
941 725 1013 773 γῆν
1043 737 1088 760 τε
1113 724 1185 761 καὶ
1211 723 1439 761 θάλασσαν

235 784 341 819 ναυσὶ
368 782 574 818 θάλασσα

284 842 373 878 decl.
402 842 457 878 IX
484 843 531 878 39
550 842 598 878 F:
636 840 881 890 ›Jvdynaoag
990 841 1204 890 τρέμοντα
1227 842 1291 890 τῆς
1309 839 1492 890 Εὐρώπης
1513 840 1587 887 ἕξε-

236 902 423 937 πλεῦσαι
454 900 516 938 τόν
546 903 612 937 τοῦ
646 901 881 949 τρέμοντος
942 900 1116 941 λα’σαντες
1134 901 1195 936 καὶ
1216 900 1501 947 δραπετεύειν
1525 899 1587 948 ἐφ’

235 959 351 994 πλοῦν
942 957 1036 999 ἑνός
1067 956 1386 1004 α’ναγκάσαντες
1417 959 1585 994 πλοίου.

332 1039 533 1083 Propterea
572 1041 684 1075 verba
723 1040 743 1083 ξ
771 1039 835 1074 67;
884 1036 1061 1084 τρέμοντα
1093 1058 1140 1062 ——
1175 1036 1309 1073 πλοίου
1347 1038 1470 1073 eodem
1508 1037 1586 1073 iure

235 1107 277 1132 ac
317 1098 430 1132 verba
468 1097 506 1132 in
546 1097 634 1132 decl.
663 1097 719 1132 IX
752 1097 797 1132 39
816 1097 865 1131 F:
912 1094 1112 1143 ἠνάγκασας
1148 1116 1194 1120 -
1228 1095 1343 1130 πλοῦν
1381 1096 1502 1131 refero
1541 1097 1588 1131 ad

234 1156 473 1201 Herodotum,
512 1156 574 1200 qui
610 1160 738 1192 narrat
773 1155 865 1193 VIII
894 1157 981 1191 118:
1019 1153 1148 1203 ἐπειδὴ
1183 1153 1322 1203 Ξέρξης
1355 1176 1402 1180 ——
1437 1153 1587 1190 ἀπίκετο

234 1213 293 1249 ἐπ’
320 1213 447 1249 Ἠιόνα
481 1236 527 1239 -
547 1236 593 1239 -
628 1214 690 1250 ἐπὶ
727 1213 804 1254 νεός
839 1214 1034 1261 Φοινίσσης
1069 1212 1200 1259 ἐπιβάς
1234 1213 1418 1257 ἐκομίζετο
1453 1213 1490 1254 ἐς
1522 1212 1587 1260 τὴν

234 1270 389 1319 Ἀσίηνς
434 1283 503 1316 quo
546 1272 695 1317 navigio
740 1283 819 1307 cum
855 1273 1062 1317 veheretur,
1109 1282 1188 1307 eum
1225 1282 1336 1307 saeva
1372 1274 1586 1316 tempestate

236 1335 317 1365 orta
344 1342 415 1366 non
441 1335 625 1367 servatum
653 1342 746 1374 esse,
782 1331 854 1366 nisi
881 1332 1031 1374 Persae⁷
1065 1331 1126 1373 qui
1154 1341 1232 1365 eum
1264 1330 1428 1365 comitati
1455 1334 1584 1373 essent,

234 1388 273 1423 in
315 1399 415 1424 mare
458 1399 496 1424 se
540 1388 894 1432 praecipitavissent.
963 1388 1078 1423 Paulo
1121 1391 1204 1431 post
1242 1388 1279 1422 in
1322 1388 1342 1432 ξ
1374 1388 1420 1422 67
1463 1388 1587 1422 rhetor

236 1448 279 1483 de
318 1447 602 1483 Atheniensibus
643 1447 823 1492 disputat:
877 1445 912 1482 οἱ
955 1444 1084 1493 μικρόν
1126 1444 1224 1493 ὕδωρ
1268 1445 1328 1481 καὶ
1371 1445 1488 1492 ρἰῦλον
1523 1447 1586 1493 γῆς

236 1504 280 1541 ου’
315 1504 453 1546 δόντες,
490 1504 552 1540 τὸν
585 1507 649 1552 τῆς
682 1507 763 1552 γῆς,
803 1504 852 1545 ώς
886 1504 991 1540 αι’τοί
1025 1518 1149 1552 φασιν,
1185 1503 1353 1552 ὀμφαλὸν
1387 1503 1584 1540 δεδώκασι·

235 1563 271 1600 οὶ
321 1563 382 1600 τόν
433 1566 504 1601 τῶν
555 1563 717 1612 κηρύκιον
769 1562 835 1601 οὐκ
878 1562 1113 1606 αἰδεσθέντες
1163 1561 1287 1609 νόμον,
1339 1561 1399 1600 ὅτε
1449 1561 1586 1599 τούτων

235 1622 521 1670 ἐμνημόνευσαν,
560 1623 730 1671 ὑπῆλϋον
766 1623 933 1662 δουλείας
969 1622 1075 1668 ζυγὸν
1108 1623 1167 1658 καὶ
1206 1621 1292 1662 τούς
1324 1622 1391 1666 μὲν
1424 1621 1587 1657 ἀπέκτει-

236 1695 315 1719 ναν,
358 1681 545 1717 Φίλιππον
582 1682 621 1718 δὲ
659 1682 917 1729 στεᾳπανοῦσινς
964 1682 1053 1716 haec
1090 1684 1125 1716 et
1161 1681 1242 1725 ipsa
1285 1681 1330 1716 ad
1366 1680 1588 1715 Herodotum

235 1744 400 1784 spectare
441 1741 530 1775 mihi
569 1741 753 1784 videntur,
801 1740 862 1783 qui
904 1740 975 1777 VII
1006 1740 1074 1775 133
1119 1739 1286 1775 narravit
1327 1749 1524 1783 praecones
1566 1749 1588 1773 a

235 1798 355 1833 Dareo
383 1799 512 1834 missos
544 1802 584 1834 ut
610 1809 739 1842 aquam
767 1802 972 1842 terramque
998 1802 1199 1841 poscerent,
1233 1799 1278 1832 ab
1306 1796 1588 1832 Atheniensibus

235 1860 383 1892 necatos
415 1867 504 1901 esse,
541 1867 755 1901 quamquam
791 1857 915 1892 eadem
951 1857 1046 1901 apud
1072 1856 1306 1892 Plutarchum
1338 1855 1460 1891 Them.
1481 1855 1503 1890 6
1537 1854 1588 1890 le-

236 1919 385 1960 guntur3
414 1925 496 1950 nam
523 1916 672 1950 Libanii
699 1917 812 1951 verba
838 1913 874 1950 οἱ
897 1913 958 1949 τὸν
984 1916 1055 1950 τῶν
1081 1913 1243 1962 κηρύκων
1265 1912 1329 1949 οὐκ
1354 1912 1589 1954 αἰδεσθέντες

238 1973 347 2019 νόμον
373 1979 459 2018 puto
486 1974 607 2010 redire
634 1975 680 2009 ad
699 1985 752 2018 ea,
780 1985 871 2017 quae
889 1975 985 2017 apud
1003 1974 1225 2009 Herodotum
1244 1973 1351 2017 paulo
1378 1976 1461 2017 post
1485 1973 1588 2007 illum

235 2033 354 2068 locum
383 2033 452 2068 VII
482 2033 551 2067 136
578 2033 719 2066 Xerxes
746 2032 1043 2066 Lacedaemoniis
1071 2031 1215 2066 crimini
1242 2032 1321 2066 dat:
1357 2030 1497 2070 κείνους
1522 2030 1589 2075 μὲν

236 2089 303 2139 γὰρ
339 2090 513 2138 συγχέαι
548 2089 598 2127 τὰ
631 2089 803 2127 πάντων
836 2088 1081 2138 ἀνθρώπων
1114 2088 1272 2135 νόμιμα
1307 2088 1589 2126 ἀποκτείναν-

236 2163 311 2190 τας
337 2149 536 2198 κήρυκας.
589 2152 689 2195 Quae
715 2150 870 2193 legimus
910 2150 946 2184 in
979 2151 998 2194 ς’
1027 2150 1088 2184 75:
1131 2148 1262 2196 ἐπέβη
1297 2150 1371 2196 τῆς
1403 2147 1589 2196 ἀκροπό-

238 2210 342 2249 λεώς
376 2207 556 2257 Ξὲρξης,
594 2206 682 2245 ἀλλ’
718 2206 959 2254 Ἀθηναίων
996 2205 1309 2243 ἐκλελοιπότων
1341 2205 1417 2256 τὴν
1450 2204 1588 2248 πόλιν,

236 2268 326 2303 haec
353 2272 388 2303 et
413 2268 495 2312 ipsa
513 2268 690 2304 Herodoti
709 2266 922 2303 auctoritati
950 2266 1141 2302 tribuenda
1159 2270 1252 2310 sunt,
1273 2266 1334 2310 qui
1352 2269 1480 2301 narrat
1497 2265 1590 2302 VIII
