1848 2929
858 204 905 240 25

209 320 438 368 πρόξεινόν
469 336 511 357 τε
538 323 607 358 καὶ
634 321 762 370 φίλον
801 326 836 358 et
861 323 916 358 IX
943 323 1005 367 45,
1041 323 1102 358 ubi
1130 321 1338 357 Alexander
1369 321 1446 365 ipse
1472 331 1555 365 pro—

208 379 348 415 fitetur:
394 378 437 415 οὐ
463 378 530 429 γὰρ
562 378 606 416 ἂν
632 379 761 427 ἐλεγον,
797 380 831 417 εἰ
862 379 913 429 μη
943 380 1107 427 μεγάλως
1137 378 1317 427 ἐκηδόμην
1342 377 1555 426 συναπάσης

208 439 272 486 τῆς
296 436 486 480 Ἑλλάδος·
513 437 623 481 αὐτὸς
648 453 687 475 τε
712 438 779 488 γάρ
795 437 930 487 (Ἐλλην
957 438 1057 486 γένος
1082 438 1159 485 εἰμὶ
1184 436 1366 486 τιιῖρχαῖον
1391 439 1452 475 καὶ
1478 435 1555 473 ἄντ’

207 496 404 545 ἐλευθέρης
442 497 712 546 δεδουλωμένην
760 497 825 534 οὐκ
863 497 907 533 ἂν
947 497 1115 544 ἐθέλοιμι
1154 496 1245 546 ὁρᾶν
1283 496 1347 545 την
1383 494 1552 533 ίΕλλάδα.

207 555 358 602 (Eadem
377 556 576 592 Alexandri
599 557 734 602 legatio
762 568 783 593 a
800 558 944 593 rhetore
962 557 1156 602 respicitur
1182 557 1219 592 in
1237 556 1455 601 Apologia
1478 555 1552 592 So-

208 615 346 650 cratis
381 614 488 662 [decl.
508 615 545 662 I]
573 616 593 661 ἓ
619 616 666 651 90
692 616 831 652 verbis:
872 615 958 661 ὑμῖν
984 637 1029 641 -
1058 614 1123 663 γάρ
1151 615 1250 663 ἐξῆν,
1282 611 1312 650 ὦ
1336 614 1551 662 Ἀθηναῖοι,

207 674 422 720 κοινωνῆσαι
463 674 608 720 βασιλεῖ
649 675 720 709 τῶν
761 674 905 710 πολλῶν
947 674 1007 710 καὶ
1048 673 1213 720 μεγάλων
1254 672 1450 722 χρημάτων
1491 673 1552 709 καὶ

206 731 358 780 μερίτας
393 731 564 779 γενέσθαι
597 734 661 781 τῆς
694 731 803 781 οὔσης
836 732 1071 779 εὐδαιμονίας
1102 731 1213 780 αὐτῷ,
1249 732 1309 770 ὅτε
1339 734 1384 781 τῇ
1413 730 1551 780 μεγάλῃ

208 791 387 838 ναυμαχίᾳ
423 792 571 838 πληγεὶς
605 793 649 839 τῇ
684 794 770 839 περὶ
804 791 868 839 την
902 793 1008 839 νῆσον
1033 791 1167 839 ταύτην
1197 791 1261 839 την
1296 792 1451 838 πλησίον
1484 790 1551 831 τὰς

206 848 283 885 άπὸ
310 851 381 885 τιῦν
411 848 600 895 ὁπλισμῶν
626 849 778 890 ἐλπίδας
803 849 1002 898 προέμενος
1034 850 1095 886 ἐπὶ
1121 849 1162 886 τὸ
1194 849 1255 886 διὰ
1282 849 1442 886 πλούτου
1468 851 1551 885 κτᾶ-

207 911 298 943 σθαι
331 906 394 956 την
425 906 532 944 πόλιν
563 907 690 957 ἤρχετο
723 909 783 944 καὶ
814 908 969 954 πέμπων
1003 908 1235 956 ἐπηγγέλλετο
1269 907 1426 944 τάλαντα
1458 906 1551 953 ‹imb-

208 972 306 1013 θητα
339 967 450 1015 χωρὶς
480 968 543 1015 τῆς
576 966 628 1008 εἰς
655 965 799 1003 ἅπαντα
831 966 893 1003 τόν
923 966 1014 1012 μετά
1047 969 1160 1003 ταῦτα
1195 966 1324 1014 χρόνον
1355 965 1499 1008 εὐνοίας
1511 967 1548 1012 ¹).

208 1023 285 1059 ἀλλ’
312 1023 376 1060 οὐκ
402 1024 510 1060 -ἔοὶ
535 1027 598 1072 τῆς
624 1026 686 1073 γῆς
712 1025 966 1072 ἐκβεβλημένοι
997 1027 1056 1062 καὶ
1088 1023 1153 1066 τὰς
1178 1024 1339 1073 τριήρεις
1369 1024 1551 1065 οἰκοῦντες

208 1105 253 1109 -
281 1082 430 1130 ἐλαβονς
464 1085 553 1120 haec
579 1084 747 1129 quoniam
779 1085 847 1130 eis,
881 1085 924 1120 de
951 1084 1079 1128 quibus
1110 1084 1217 1129 paulo
1249 1095 1359 1129 supra
1386 1084 1546 1129 disputa-

207 1143 340 1187 vimus,
374 1154 522 1187 prorsus
555 1145 788 1188 respondent,
824 1148 860 1179 et
893 1144 974 1188 ipsa
1008 1145 1054 1179 ad
1087 1144 1263 1179 Herodoti
1297 1143 1549 1179 auctoritatem

207 1201 338 1242 refero.
398 1202 489 1238 Item
523 1203 636 1238 verba
669 1202 764 1247 apud
798 1202 994 1238 Libanium
1027 1201 1214 1247 sequentia
1254 1201 1354 1250 δίκην
1386 1201 1452 1247 μὲν
1485 1196 1550 1237 οὖν

207 1259 337 1306 ἐλαβον
364 1260 455 1308 [scil.
484 1259 519 1296 οἱ
535 1259 749 1308 Ἀθηναῖοι]
778 1259 879 1309 παρὰ
904 1263 969 1296 τοῦ
994 1259 1239 1308 τολμήσαντος
1264 1260 1391 1302 εἰπεῖν,
1418 1259 1467 1300 ὠς
1494 1263 1551 1297 δεῖ

208 1319 332 1366 λαβεῖν
366 1320 540 1356 debentur
570 1320 754 1356 Herodoto
766 1319 804 1367 ²),
840 1320 901 1364 qui
934 1323 1061 1356 narrat
1093 1320 1148 1355 IX
1174 1320 1214 1356 5:
1251 1319 1417 1367 Λυκίδην
1449 1318 1550 1355 κατέ-

208 1379 336 1414 λευσαν
362 1377 565 1424 βάλλοντες,
593 1379 762 1423 quoniam
789 1390 832 1415 ea
858 1390 950 1423 quae
972 1379 1182 1415 Mardonius
1201 1379 1491 1424 Atheniensibus,
1518 1375 1549 1414 si

207 1437 400 1473 Persarum
433 1440 556 1482 partes
591 1438 705 1474 secuti
739 1441 873 1482 essent,
912 1437 1093 1482 promisit,
1132 1439 1178 1473 ad
1210 1438 1379 1482 populum
1412 1438 1550 1473 referre

207 1496 341 1540 voluit,
385 1500 420 1533 et
446 1498 558 1533 verba
592 1495 655 1532 οὐκ
687 1495 871 1545 ἠνείχοντο
902 1497 1071 1533 πλουτεῖν
1101 1495 1192 1542 μετὰ
1222 1497 1285 1544 τῆς
1302 1496 1473 1544 τθητείας,
1508 1494 1549 1543 ἢν

206 1553 401 1601 ἀναγκαῖον
427 1551 468 1603 νῖν
495 1554 676 1593 εἰσελθεῖν
702 1554 756 1595 εἷς
780 1554 844 1603 την
869 1554 976 1591 πόλιν
1001 1554 1073 1591 ὑπό
1098 1556 1150 1602 τῷ
1173 1554 1291 1603 Μήδῳ
1317 1553 1549 1602 γεγενημένην

209 1617 375 1659 spectant
384 1614 410 1662 3)
429 1616 475 1652 ad
494 1626 536 1651 ea
554 1626 645 1659 quae
663 1615 901 1651 Athenienses
920 1615 1015 1659 apud
1033 1615 1118 1651 Her.
1130 1614 1221 1651 VIII
1243 1615 1310 1650 144
1332 1615 1551 1659 respondent

207 1673 342 1717 legatis
383 1674 768 1710 Lacedaemoniorum:
830 1672 912 1709 οὔτε
959 1672 1091 1720 χρυσός
1134 1672 1208 1709 ἐστι
1254 1675 1317 1720 γῆς
1364 1671 1549 1716 οὐδαμόθι

206 1732 379 1773 τοσοῦτος
415 1730 496 1769 οὔτε
530 1731 627 1780 χώρη
661 1730 784 1768 κάλλεϊ
824 1732 883 1769 καὶ
918 1730 1028 1781 ἀρετῇ
1065 1730 1154 1778 μέγα
1187 1729 1460 1780 ὑπερφέρουσα,
1503 1729 1549 1766 τά

209 1790 312 1838 ἡμεῖς
356 1790 545 1836 δεξάμενοι
584 1790 776 1836 ἐθέλοιμεν
817 1789 860 1827 ἂν
902 1791 1121 1838 μηδίσαντες
1171 1791 1443 1826 καταδουλῶσαι
1485 1789 1549 1838 τὴν

207 1847 393 1893 ςΕλλάδα.)
435 1850 478 1886 In
505 1851 627 1886 eadem
654 1850 721 1887 illa
746 1849 822 1887 κατ’
847 1849 1027 1895 Αἰσχίνου
1052 1849 1258 1898 πυλαγόρου
1289 1848 1549 1886 declamatione

207 1910 227 1955 ξ
262 1910 308 1945 67
359 1910 634 1946 Demosthenem
677 1910 919 1961 Athenienses
967 1911 1251 1955 interrogantem
1300 1909 1390 1945 facit
1439 1909 1546 1944 haec:

308 2017 328 2054 ¹)
357 2017 643 2047 Markowskium
674 2018 704 2055 (l.
721 2026 743 2047 c.
766 2027 793 2054 p.
811 2018 877 2055 117)
901 2019 985 2054 sequi
1013 2026 1072 2047 non
1101 2025 1229 2054 possum,
1255 2017 1305 2052 qui
1333 2016 1425 2045 verba
1458 2019 1551 2054 χωρὶς

208 2066 257 2103 τῆς
285 2070 326 2099 εἰς
351 2064 470 2096 ἅπαντα
496 2065 549 2097 τὸν
574 2065 648 2106 μετά
670 2066 763 2096 ταῦτα
783 2066 899 2105 χρόνον
920 2065 1041 2100 εὐνοίας
1066 2067 1157 2096 refert
1186 2066 1222 2095 ad
1244 2066 1313 2095 Her.
1329 2065 1372 2094 IX
1392 2067 1427 2094 4:
1456 2064 1550 2094 ταῦτα

208 2116 239 2145 δὲ
265 2114 297 2145 τὸ
324 2114 463 2154 δεύτερον
489 2113 647 2146 ἀπέστελλε
675 2119 816 2155 προέχων
840 2117 900 2155 μὲν
916 2115 1085 2153 Ἀθηναίων
1112 2114 1147 2145 οὐ
1177 2117 1278 2153 φιλίας
1303 2113 1443 2152 γνώμας;
1479 2123 1549 2143 nam

207 2164 261 2194 illa
282 2165 373 2195 verba
399 2174 490 2201 aeque
517 2174 553 2195 ac
574 2166 665 2195 verba
697 2167 774 2205 φίλῳ
795 2164 969 2205 χρήσασθαι
992 2164 1030 2204 τῷ
1048 2164 1147 2198 Ἀσίας
1167 2162 1292 2202 δεσπότῃ
1322 2163 1392 2201 (vid.
1414 2171 1483 2201 pag.
1499 2163 1549 2201 24)

207 2217 346 2251 spectant
367 2215 404 2243 ad
427 2215 495 2243 Her.
517 2215 593 2244 VIII
616 2216 710 2252 14013,
731 2216 784 2244 ubi
805 2215 974 2244 Alexander
996 2214 1226 2244 Atheniensibus
1247 2213 1400 2249 promittit
1419 2213 1551 2241 Xerxem

207 2264 259 2300 eis,
282 2264 308 2292 si
328 2266 432 2300 partes
455 2257 616 2293 Persarum
638 2265 735 2293 secuti
756 2267 866 2301 essent,
894 2273 954 2294 non
975 2264 1060 2293 modo
1082 2271 1207 2300 magnas
1229 2270 1298 2299 opes
1319 2261 1471 2299 daturum,
1499 2262 1550 2291 sed

207 2314 300 2342 etiam
327 2314 455 2342 amicum
483 2315 515 2342 in
540 2316 717 2350 perpetuum
743 2314 884 2344 futurum
905 2323 970 2343 esse
999 2311 1148 2352 (βασιλεύς
1168 2322 1202 2350 γε
1230 2309 1245 2341 ὁ
1265 2315 1362 2350 μέγας
1385 2310 1551 2350 μούνοισιν

208 2360 282 2399 ὑμῖν
300 2360 447 2398 Ἐλλήνων
468 2379 504 2383 -
526 2365 605 2391 θέλει
629 2365 716 2400 φίλος
736 2363 910 2400 γενέσθαι);
948 2365 1103 2398 praeterea
1131 2361 1209 2396 apud
1238 2360 1307 2388 Her.
1323 2360 1399 2389 VIII
1423 2361 1480 2389 140
1505 2361 1552 2389 bis

207 2412 309 2439 exstat
330 2410 442 2439 locutio
472 2409 524 2440 τὸν
544 2409 642 2440 πάντα
668 2410 792 2449 χρόνον,
823 2411 860 2440 ad
888 2419 977 2447 quam
999 2410 1116 2439 Libanii
1137 2409 1228 2437 verba
1259 2412 1300 2441 εἰς
1320 2406 1467 2438 ἅπαντα
1489 2407 1552 2439 τὸν

206 2457 282 2496 μετὰ
303 2459 397 2489 ταῦτα
416 2458 557 2498 χρόνον
578 2460 676 2489 redire
697 2463 781 2497 puto.

307 2508 328 2544 2)
351 2511 382 2537 et
403 2508 426 2545 ⁸)
448 2509 673 2538 Markowski
699 2509 729 2546 (1.
746 2518 769 2539 c.
791 2518 818 2545 p.
836 2510 903 2546 117)
925 2509 977 2537 hos
999 2508 1079 2536 locos
1100 2508 1159 2535 iam
1181 2506 1350 2536 adnotavit.
