1848 2929
823 210 870 248 51

180 326 200 364 ὃ
232 329 376 365 πολλῶν
411 328 556 366 πάντων
590 329 715 374 μεῖζον
749 329 978 377 χρημάτων
1013 329 1075 364 καὶ
1110 328 1193 363 τῶν
1226 326 1421 374 Κροίσου
1457 327 1523 362 καὶ

179 387 260 422 τῶν
287 386 427 434 Γύγου
452 408 514 433 -,
550 387 677 437 φιλίαν
707 386 839 436 ἀνδρὸς
869 388 942 424 κτλ.
979 391 1014 423 et
1047 388 1085 422 in
1117 397 1171 432 ep.
1192 385 1282 422 565:
1319 385 1354 422 εἴ
1382 397 1447 430 μοι
1478 382 1528 420 τὰ

179 446 373 493 Κροίσου
397 445 595 494 χρήματα
624 447 685 482 καὶ
710 445 868 494 χρυσὸν
893 445 965 482 τὸν
996 447 1073 481 τοῦ
1099 444 1242 491 Γύγου
1266 445 1337 479 καὶ
1363 442 1427 479 ἔτι
1454 442 1527 478 τὸν

180 503 328 541 Μίδου
352 505 428 540 τοῦ
455 504 617 554 Φρυγός
645 526 690 531 -
708 526 770 550 —,
809 504 843 541 εἰ
868 500 932 541 οὖν
957 517 1022 551 μοι
1054 503 1174 541 πάντα
1204 501 1266 540 τὸν
1293 501 1438 539 ἐκείνων
1463 502 1526 538 λα-

179 561 252 608 βιιὶν
277 563 396 599 ποθὲν
421 562 650 611 ἕπεπόμφεις
675 565 848 608 πλοῦτον;
889 565 984 608 quod
1009 564 1161 600 divitias
1188 563 1307 608 Gygis
1341 565 1378 598 et
1403 561 1526 597 Midae

178 631 250 657 una
275 631 355 657 cum
373 621 503 658 Croeso
530 622 690 658 celebrat
714 622 901 668 Libanius,
928 622 996 658 hoc
1022 625 1058 658 et
1083 621 1201 667 ipsum
1228 621 1275 657 ad
1300 621 1525 657 Herodotum

178 680 405 716 referendum
449 692 527 717 esse
571 692 714 725 censeo,
765 682 826 726 qui
871 682 891 716 I
924 682 968 716 14
1012 684 1266 717 commemorat
1307 691 1379 716 non
1420 681 1525 715 modo

179 738 329 784 Gygem,
364 740 427 775 sed
458 739 568 775 etiam
599 740 735 775 Midam
759 740 935 784 Delphico
967 739 1033 775 deo
1063 739 1223 775 maxima
1254 739 1348 774 dona
1379 738 1525 774 dedica-

178 797 294 833 visse:
323 796 464 844 Γύγης
489 796 530 833 δὲ
554 797 797 845 τυραννεύσας
822 796 1021 845 ἀπέπεμψε
1046 796 1269 845 ἀναθήματα
1295 796 1333 838 ἐς
1351 795 1525 845 Δελφοὺς

179 853 242 891 οὐκ
268 853 378 901 ὀλίγα,
405 854 486 892 ἀλλ’
513 854 581 892 ὅσα
606 856 671 902 μὲν
695 855 852 905 ἀργύρου
878 854 1112 904 ἀναθήματα,
1139 854 1217 892 ἔστι
1244 854 1279 892 οἱ
1304 857 1460 892 πλεῖστα
1486 854 1524 891 ἐν

179 913 372 962 Δελφοῖσι,
406 913 522 962 πάρεξ
560 914 600 950 δὲ
633 915 700 951 τοῦ
732 912 893 963 α’ργύρου
925 913 1083 963 χρυσὸν
1116 913 1303 951 ἄπλετον
1337 912 1525 962 ἀνέθηκε

178 969 284 1007 ἄλλον
313 985 352 1008 τε
377 972 437 1007 καὶ
467 973 533 1007 τοῦ
558 971 716 1017 μάλιστα
741 970 883 1020 μνήμην
909 971 1011 1018 ἄξιον
1045 971 1139 1016 ἔχειν
1166 971 1255 1015 ἐστι’,
1287 971 1462 1020 κρητῆρές
1488 970 1525 1008 οἱ

178 1027 342 1078 ἅριθμὸν
372 1028 411 1075 ἓξ
435 1028 582 1078 χρύσεοι
613 1029 808 1067 ἀνακέαται
840 1034 876 1066 et
901 1031 1008 1075 paulo
1035 1034 1117 1075 post
1142 1031 1273 1067 tradit:
1306 1025 1413 1072 οὗτος
1438 1030 1479 1068 δὲ
1504 1029 1524 1067 ὁ

179 1087 299 1135 Γύγης
330 1089 475 1135 πρῶτος
504 1087 698 1135 βαρβάρων
727 1089 799 1123 τῶν
831 1087 936 1135 ἡμεῖς
969 1089 1073 1133 ἴδμεν
1099 1087 1136 1128 ἐς
1163 1087 1333 1136 Δελφοὺς
1363 1087 1522 1135 ἀνέθηκε

178 1144 400 1193 ἀναθήματα
425 1144 517 1191 μετὰ
534 1146 662 1194 Μίδην
686 1144 749 1182 τὸν
768 1147 944 1194 Γορδίεω,
974 1145 1132 1194 Φρυγίης
1157 1145 1321 1193 βασιλέα.
1365 1145 1523 1195 α’νέθηκε

177 1202 242 1252 γάρ
270 1202 314 1252 δὴ
339 1205 400 1241 καὶ
419 1205 546 1252 Μίδης
571 1203 634 1241 τὸν
659 1203 849 1253 βασιλήιον
874 1204 1021 1253 θρόνον,
1049 1204 1086 1245 ἐς
1111 1203 1174 1241 τὸν
1197 1204 1423 1253 προκατίζων
1449 1205 1521 1243 ἐδί-

177 1263 278 1307 καζε,
313 1262 416 1299 ἐόντα
445 1261 677 1310 ἀξιοθέητον.
712 1284 758 1289 -
792 1264 836 1298 In
867 1275 917 1299 or.
940 1265 1046 1301 XXV
1066 1265 1111 1299 23
1145 1264 1323 1299 Libanius
1358 1265 1447 1300 dicit
1480 1266 1523 1299 de

177 1321 382 1357 hominibus
413 1322 587 1366 pecuniae
613 1322 750 1358 avidis:
786 1321 1048 1370 μακαρίζουσιν
1079 1321 1123 1358 οὗ
1152 1322 1330 1370 Νέστορα,
1358 1321 1421 1358 οὐκ
1445 1321 1523 1371 ’Λρ-

180 1379 384 1426 γανθώνιον
415 1382 503 1424 (τῶν
529 1379 646 1423 ἑτῶν),
681 1379 724 1417 οὕ
755 1380 883 1428 Πηλέα
913 1382 984 1417 τῶν
1016 1380 1150 1428 γάμων,
1185 1379 1251 1417 οὐκ
1268 1380 1429 1417 ’Ἀδωνιν
1459 1384 1524 1418 τοῦ

178 1437 342 1481 κάλλους,
371 1437 438 1483 οὐχ
463 1438 641 1487 Ἡρακλέα
665 1441 729 1488 τῆς
754 1438 975 1482 ἀθανασίας,
1010 1438 1103 1476 ἁλλὰ
1128 1440 1292 1484 Καλλίαν
1316 1442 1376 1477 καὶ
1404 1439 1524 1487 Γύγην

177 1497 237 1533 καὶ
263 1496 423 1545 Κινύραν
447 1498 508 1533 καὶ
533 1501 693 1545 Κροῖσον
717 1499 777 1535 καὶ
803 1497 904 1538 τοὺς
930 1497 971 1534 ἑν
996 1497 1144 1538 Ἰνδοῖς
1169 1498 1400 1546 μύρμηκας.
1443 1500 1522 1534 Hoc

178 1555 258 1591 loco
284 1559 430 1600 praeter
455 1556 616 1592 homines
648 1556 791 1593 divitiis
817 1556 1062 1593 nobilissimos
1095 1557 1203 1593 etiam
1234 1557 1322 1593 illae
1349 1557 1522 1593 formicae

178 1614 327 1649 Indicae
359 1614 601 1659 nominantur,
639 1616 682 1650 de
716 1616 846 1659 quibus
876 1616 1080 1651 Herodotus
1116 1618 1242 1651 narrat
1279 1616 1338 1650 III
1366 1616 1452 1651 102:
1488 1615 1523 1651 οἱ

179 1670 399 1721 μύρμηκες
435 1672 645 1719 ποιεύμενοι
682 1674 821 1722 οἴκησιν
855 1672 930 1711 ὑπό
963 1674 1025 1722 γῆν
1052 1671 1297 1722 οἷναφορέουσι
1330 1671 1394 1722 τὴν
1423 1672 1523 1722 ψάμ-

178 1745 247 1776 μον
272 1731 436 1780 κατάπερ
469 1731 504 1769 οἱ
531 1732 568 1768 ἐν
593 1736 689 1770 τοῖσι
709 1731 857 1781 Ἕλλησι
888 1732 1072 1781 μύρμηκες
1096 1731 1186 1769 κατὰ
1216 1731 1277 1768 τόν
1302 1731 1410 1769 αὐτόν
1441 1733 1522 1781 τρό-

180 1802 261 1831 πον,
293 1788 366 1825 εἰσὶ
393 1789 433 1827 δὲ
457 1792 518 1827 καὶ
544 1789 687 1827 αὐτοῖσι
719 1787 817 1831 εἶδος
842 1790 1070 1836 ὁμοιότατοι·
1103 1790 1123 1838 ἡ
1150 1791 1189 1827 δὲ
1217 1790 1367 1837 ψάμμος
1395 1790 1415 1838 ἡ
1439 1789 1522 1826 ἅνα-

179 1846 360 1896 φερομένη
385 1847 462 1885 ἐστὶ
488 1851 663 1897 χρυσῖτις.

277 1906 377 1950 Quae
409 1907 588 1943 Libanius
622 1908 661 1943 in
696 1918 749 1952 ep.
777 1908 848 1943 945
883 1908 1027 1943 scribit:
1073 1906 1158 1947 τοὺς
1183 1928 1229 1932 -—
1255 1907 1521 1955 μεμφομένους,

180 1961 243 2004 οὓς
268 1962 374 2002 καλὸν
399 1963 542 2003 ἀκούειν
572 1965 644 2003 τὸν
669 1965 981 2015 Ἱπποκλείδην,
1015 1967 1103 2002 haec
1133 1970 1231 2001 recte
1262 1965 1523 2011 intelleguntur

181 2034 224 2058 ex
258 2023 326 2068 eis,
367 2035 458 2068 quae
492 2026 698 2062 Herodotus
731 2026 785 2062 VI
813 2027 881 2061 128
917 2029 952 2061 et
986 2026 1055 2060 129
1087 2026 1130 2060 de
1164 2025 1304 2069 origine
1336 2025 1523 2069 proverbii

181 2080 224 2117 οὕ
250 2083 401 2130 φροντὶς
418 2082 647 2132 Ἱπποκλείδῃ
672 2087 818 2120 narrat:
845 2083 1098 2129 Hippoclidem
1116 2082 1302 2127 Clistheni,
1330 2082 1391 2126 qui
1409 2082 1521 2119 filiam

180 2151 218 2176 se
245 2141 278 2176 ei
310 2141 347 2177 in
378 2143 646 2179 matrimonium
672 2144 839 2179 daturum
871 2154 948 2179 esse
973 2142 1188 2187 negavisset,
1216 2141 1445 2186 respondisse
1477 2140 1522 2177 οὐ

180 2200 330 2247 φροντὶς
354 2199 585 2250 Ἱπποκλείδῃ
597 2202 635 2249 ²),
666 2202 700 2238 h.
714 2214 743 2239 e.
775 2203 1018 2248 „Hippoclides
1043 2202 1084 2237 de
1108 2201 1171 2237 hae
1195 2213 1232 2236 re
1256 2212 1324 2236 non
1351 2201 1521 2237 laborat‘st

180 2258 282 2294 Dicit
299 2259 414 2303 igitur
430 2261 554 2296 rhetor
579 2262 618 2296 in
643 2261 710 2297 illa
734 2261 907 2306 epistula:
939 2261 1026 2304 „Eis
1051 2261 1110 2305 qui
1135 2271 1186 2295 me
1203 2260 1406 2304 vituperant,
1433 2260 1524 2295 idem

180 2318 366 2362 respondeo
401 2320 493 2364 quod
522 2320 749 2365 Hippoclides
786 2320 969 2357 Clistheni:
1007 2319 1062 2354 De
1096 2319 1160 2354 hae
1194 2329 1231 2353 re
1265 2329 1334 2353 mm
1367 2318 1523 2354 laboro“.

281 2443 301 2480 ¹)
327 2444 374 2474 Of.
397 2445 431 2475 Ε.
452 2445 665 2485 Salzmann,
694 2446 911 2484 Sprichwiirter
941 2446 1001 2475 und
1033 2443 1287 2481 sprichwortliche
1315 2444 1526 2475 Redensarten

180 2492 229 2521 bei
249 2492 402 2530 Liburnos,
423 2494 494 2525 diss.
516 2495 647 2533 Tubing.
670 2495 756 2532 1910,
776 2504 804 2532 p.
819 2495 866 2524 30.

1372 2563 1408 2592 4*
