1848 2929
949 213 997 250 80

394 328 440 366 τό
484 329 637 366 πεδίον
686 329 872 376 πέλαγος
922 331 1125 377 γίγνεται.
1194 332 1295 377 Quae
1338 331 1508 376 leguntur
1551 332 1648 375 apud

296 388 492 426 Libanium
526 389 564 426 in
597 400 648 426 or.
676 389 751 425 XII
779 390 843 426 11:
888 388 954 426 κᾶν
985 387 1036 426 τὰ
1070 389 1202 428 πεδία
1237 388 1413 439 γένηται
1447 387 1647 436 πέλαγος,

296 449 375 484 sine
409 449 517 484 dubio
551 449 717 484 alludunt
750 450 797 485 ad
823 460 882 494 ea,
918 460 1009 493 quae
1044 449 1197 494 legimus
1229 450 1315 486 Her.
1343 449 1401 485 III
1429 450 1517 484 117:
1556 447 1648 485 ἁπο-

295 506 491 555 κληιμένου
529 506 569 544 δὲ
606 508 674 542 τοῦ
710 505 845 549 ὕδατος
882 509 947 556 τῆς
985 506 1153 552 διεξόδου
1190 506 1236 544 τό
1274 506 1428 545 πεδίον
1468 505 1509 544 τὸ
1548 504 1649 548 ἐντὸς

295 568 368 602 τῶν
393 565 506 614 ὀρέων
530 565 715 612 πέλαγος
740 566 926 612 γίνεται;
962 567 1009 603 cf.
1030 567 1141 603 etiam
1167 578 1211 603 ea
1228 577 1320 611 quae
1343 566 1648 602 Halicarnasseus

296 625 387 662 dicit
412 625 450 661 II
476 625 541 661 97:
568 622 614 661 τὰ
639 623 707 671 μὲν
731 623 797 675 γὰρ
824 624 916 662 ἄλλα
941 627 1005 674 τῆς
1031 623 1224 672 Αἰγύπτου
1250 624 1407 673 πέλαγος
1433 620 1581 672 γίνεται,
1608 622 1648 661 αἱ

296 684 336 722 δὲ
362 684 490 726 πόλεις
514 685 646 729 μοῦναι
670 683 929 732 ὑπερέχουσαι.

394 740 536 784 πόθος
566 741 777 789 λαμβάνει
808 742 905 779 τινά
937 755 1068 783 τινος.
1121 743 1224 789 Quod
1254 743 1391 788 legitur
1415 743 1512 788 apud
1536 742 1649 778 Liba-

295 803 391 838 nium
411 802 449 838 in
468 813 522 847 ep.
538 802 603 837 61:
631 800 774 842 πόθος
800 800 931 848 ε”λαβε
956 800 1029 838 τὸν
1053 800 1237 848 βασιλέα
1261 802 1336 849 τῆς
1361 800 1493 837 τούτου
1518 799 1648 847 γλώτ-

294 873 385 908 της,
411 861 506 896 hanc
531 860 750 896 locutionem
775 861 897 896 refero
925 865 961 896 et
986 861 1103 906 ipsam
1130 861 1177 896 ad
1203 861 1437 905 Herodotum,
1470 860 1532 905 qui
1558 860 1649 896 dicit

294 920 312 955 I
340 920 429 956 165:
481 918 578 968 ὑπὲρ
612 918 795 968 ἡμίσεας
844 920 916 955 τῶν
966 918 1104 957 ἀστέων
1154 918 1280 967 ἔλαβε
1313 918 1456 960 πόθος
1503 932 1543 955 τε
1588 918 1649 954 καὶ

295 975 414 1021 οἶκτος
451 980 527 1027 τῆς
564 977 734 1020 πόλιος,
777 979 993 1023 praesertim
1033 990 1112 1015 oum
1156 980 1253 1024 apud
1294 982 1484 1023 utrumque
1522 978 1647 1015 eadem

295 1038 414 1074 forma
439 1035 547 1083 έλαβε
574 1041 701 1073 exstet.
755 1038 862 1082 Apud
889 1040 1029 1073 ceteros
1054 1038 1148 1073 hanc
1174 1037 1392 1073 locutionem
1424 1047 1496 1072 non
1522 1037 1647 1081 depre-

293 1097 492 1133 hendimus.

392 1153 456 1196 εἷς
494 1152 677 1199 ἀνάγκας
715 1152 834 1199 ἄγειν
876 1154 1072 1200 (tormentis
1111 1155 1263 1190 lacerare
1300 1155 1481 1200 aliquem).
1541 1154 1646 1189 Hanc

293 1213 523 1257 locutionem,
551 1222 658 1256 quam
685 1212 834 1247 adhibet
860 1212 897 1247 in
925 1223 979 1257 ep.
999 1213 1089 1248 540:
1124 1215 1202 1253 τοῖς
1226 1211 1293 1258 μὲν
1318 1209 1472 1261 ἄρχουσι
1498 1212 1647 1260 πληρῶν

295 1271 514 1317 ἐπιθυμίας,
545 1269 630 1312 τούς
655 1270 687 1307 δ’
711 1269 937 1318 ἀρχομένους
962 1270 1026 1312 εἷς
1054 1269 1240 1317 ἀνάγκας
1265 1269 1340 1307 οὐκ
1365 1269 1492 1317 ἄγων,
1524 1271 1648 1307 rhetor

296 1335 332 1366 et
366 1331 483 1375 ipsam
511 1330 696 1366 Herodoto
731 1331 847 1374 debet,
885 1330 947 1373 qui
982 1340 1061 1365 eam
1094 1331 1244 1375 praebet
1269 1330 1288 1365 I
1316 1331 1403 1365 116:
1441 1329 1460 1365 ὁ
1487 1329 1527 1367 δὲ
1553 1328 1647 1376 οἶγό-

294 1403 425 1436 μενος
456 1388 498 1431 ἑς
523 1387 599 1431 τὰς
624 1386 807 1436 ἀνάγκας
840 1387 935 1425 οὕτω
962 1387 1007 1438 δὴ
1034 1387 1161 1438 ἔφαινε
1191 1387 1253 1425 τόν
1279 1387 1384 1426 ε”όντα
1409 1388 1524 1435 λόγον.
1575 1389 1646 1426 Sed

295 1449 405 1485 etiam
431 1448 674 1492 amplificavit
704 1448 922 1483 locutionem
949 1448 1127 1483 Libanius
1154 1448 1192 1483 in
1218 1458 1272 1492 ep.
1295 1448 1382 1483 112:
1415 1446 1479 1487 εἰς
1504 1446 1647 1488 πάσας

294 1507 371 1554 μὲν
396 1505 581 1553 ἀνάγκας
606 1504 766 1551 ἄχθείς
792 1511 828 1542 et
845 1517 896 1542 or.
913 1506 1002 1542 XIV
1019 1507 1079 1542 16:
1107 1504 1202 1555 πρὸς
1220 1505 1342 1547 πάσας
1359 1504 1515 1553 α’νάγκας
1533 1503 1645 1555 ἤγετο.

392 1569 546 1604 *σῖτον
580 1564 829 1614 αἱρεῖσθαι,
865 1577 972 1610 quam
1005 1566 1223 1602 locutionem
1256 1567 1408 1611 praebet
1440 1566 1647 1605 Herodotus

294 1626 366 1663 VII
395 1626 482 1661 120:
532 1623 707 1670 βασιλεῦς
753 1624 892 1673 Ξέρξης
938 1623 982 1660 οὐ
1023 1625 1081 1666 δὶς
1123 1622 1276 1672 ἑκάστης
1323 1623 1458 1672 ἡμέρης
1503 1623 1648 1670 ἐνόμισε

295 1687 415 1721 σῖτον
439 1682 696 1731 αἱρέεσθαι,
729 1683 839 1719 etiam
866 1683 1143 1730 Thucydides
1174 1694 1219 1720 ex
1245 1683 1530 1720 Halicarnasseo
1556 1682 1646 1719 deli-

293 1744 398 1780 bavit
438 1743 477 1778 ΙΙ
515 1743 572 1787 75,
592 1744 632 1778 3:
679 1741 893 1790 διῃρημένοι
937 1741 1015 1778 κατ’
1048 1740 1278 1785 ἀναπαύλας,
1321 1740 1415 1779 ὥστε
1455 1740 1542 1782 τούς
1580 1741 1647 1787 μὲν

293 1801 431 1851 φέρειν,
464 1799 552 1842 τοὺς
577 1800 618 1837 δὲ
650 1799 786 1837 ὕπνον
816 1814 860 1837 τε
891 1801 963 1837 καὶ
995 1804 1116 1838 σῖτον
1147 1800 1398 1850 αἱρεῖσθαι;
1440 1811 1524 1837 nam
1550 1801 1647 1847 apud

293 1862 517 1897 Herodotum
553 1861 646 1897 talia
681 1861 827 1905 saepius
863 1861 1099 1899 inveniuntur
1133 1861 1235 1898 velut
1269 1861 1321 1897 IV
1346 1861 1434 1897 128:
1473 1863 1572 1897 σῖτα
1598 1882 1644 1886 -

293 1917 652 1968 ἀναιρεομένοισι
693 1923 728 1955 et
767 1922 865 1956 σῖτα
902 1918 1244 1968 ἀναιρεομένους
1275 1922 1314 1955 et
1349 1918 1409 1955 III
1435 1919 1501 1955 26:
1549 1917 1644 1967 ἄρι-

293 1991 395 2015 στον
429 1976 782 2026 αἱρεομένοισιῑ).
835 1979 950 2024 Quam
986 1980 1031 2014 ob
1065 1989 1141 2014 rem
1181 1978 1291 2014 etiam
1323 1978 1519 2014 Libanium
1552 1978 1646 2014 hanc

292 2037 511 2074 locutionem
537 2037 722 2073 Herodoto
750 2037 880 2073 debere
906 2040 992 2082 puto
1024 2037 1063 2072 in
1089 2048 1140 2073 or.
1167 2036 1256 2073 LIX
1286 2037 1373 2073 129:
1407 2035 1498 2085 μήτε
1525 2039 1646 2073 σῖτον

293 2095 362 2142 ἐξω
393 2098 465 2132 τῶν
494 2094 617 2133 ὅπλων
647 2094 878 2143 αἱρεῖσθαι
916 2099 952 2131 et
985 2096 1023 2131 in
1048 2096 1119 2132 vol.
1147 2096 1199 2133 IV
1224 2096 1360 2142 p.625,
1381 2097 1400 2132 1
1419 2097 1470 2132 R:
1508 2095 1571 2133 ἐπὶ
1602 2098 1646 2144 τῇ

292 2155 449 2203 ταλασίᾳ
475 2157 596 2191 σῖτον
622 2152 864 2202 αἱρουμένη
890 2157 926 2189 et
948 2153 987 2189 in
1011 2164 1065 2199 ep.
1086 2154 1174 2190 258:
1201 2154 1324 2192 οἴκαδε
1351 2157 1472 2191 σῖτον
1497 2153 1645 2203 αἱρου-

292 2213 404 2261 μένῳ
431 2212 620 2255 πολλάκις.
664 2213 670 2232 “

390 2270 712 2320 *ἀναιρεῖσθαι
744 2270 875 2318 νίκην.
927 2271 1104 2307 Libanius
1134 2272 1227 2307 hanc
1253 2272 1470 2308 locutionem
1497 2272 1646 2308 adhibet

293 2331 331 2367 in
363 2331 453 2368 decl.
480 2331 536 2368 XI
565 2332 628 2367 18:
674 2328 798 2379 ἕτερόν
823 2328 922 2367 ἐστιν
948 2351 993 2356 -
1021 2329 1141 2378 νίκην
1170 2329 1410 2368 ἀνελέσθαι
1440 2330 1645 2377 μαχόμενον

395 2469 415 2504 ¹)
437 2467 568 2498 Videtur
589 2467 703 2497 locutio
725 2468 875 2506 originem
890 2466 997 2497 ducere
1018 2476 1053 2497 ex
1075 2467 1251 2504 Homero;
1279 2467 1347 2497 vide
1361 2467 1467 2505 Odyss.
1482 2467 1555 2498 XIV
1569 2468 1644 2497 347:

297 2515 377 2554 παρὰ
398 2520 472 2547 θῖνα
492 2515 647 2554 θαλάσσης
667 2516 808 2556 δόρπον
829 2517 965 2547 ἕλοντο.
