1848 2929
851 195 894 229 41

203 306 344 354 ἅμαξαν
369 308 414 357 τῇ
444 308 554 357 μητρὶ
586 308 834 357 κεχαρισμένοι
870 311 914 359 τῇ
939 312 1042 359 σφῶν
1066 309 1184 347 αὐτῶν
1216 308 1279 358 τήν
1304 307 1393 357 ἒμῆν
1424 307 1545 346 εὔδαι-

203 366 333 412 μονίαν
363 366 551 415 παρῄεσαν
563 367 601 413 1).
653 368 753 413 Quae
787 369 988 404 invenimus
1022 370 1060 404 in
1092 369 1171 405 Lib.
1199 380 1249 405 or.
1277 369 1333 404 XI
1360 369 1445 403 169:
1480 369 1546 403 τοῦ

205 424 368 468 Πυθίου,
395 419 424 472 ᾧ
441 423 486 473 δὴ
511 425 571 461 καὶ
597 423 671 474 τήν
699 425 878 474 ψάμμον
903 425 924 462 ὁ
942 426 1101 475 χρησμὸς
1128 426 1266 476 η’ριθμ
1278 429 1411 475 ἧσθαι
1438 424 1545 473 λέγει,

204 485 294 520 haec
325 485 422 520 haud
448 484 556 520 dubie
582 488 747 529 spectant
785 486 832 521 ad
857 486 946 521 illud
980 487 1163 522 oraculum
1196 498 1218 523 a
1243 486 1379 532 Pythia
1412 486 1544 522 Croeso

204 544 326 579 datum
353 546 389 579 et
414 543 510 588 apud
535 543 622 579 Her.
649 543 668 578 I
694 544 740 578 47
767 544 956 589 traditum,
996 546 1089 588 quod
1120 545 1262 581 initium
1289 545 1389 581 ducit
1413 546 1459 581 ab
1486 543 1545 579 his

203 602 341 639 verbis:
370 597 453 638 οἶδα
475 600 508 639 δ’
525 599 593 648 ἐγώ
622 601 802 649 ψάμμου
826 601 858 638 τ’
874 600 1043 650 α’ριθμὸ
1050 617 1068 638 ν
1093 604 1152 640 καὶ
1168 603 1282 652 μέτρα
1299 601 1543 650 θαλάσσηςξᾟ

204 661 328 696 eadem
353 660 668 711 Libaniusetiam
700 661 739 695 in
765 660 922 704 epistula
948 661 1018 696 258
1044 662 1091 697 ad
1116 662 1381 698 Eudaemonem
1406 661 1545 705 scripta

203 719 355 765 respicit
391 719 531 756 dicens:
569 717 697 756 Πάντα
731 717 797 765 μὲν
832 714 895 755 οὖν
929 717 1104 768 ἀριθμεῖν
1138 722 1203 756 τοῦ
1237 718 1468 762 ’Λπόλλωνος
1502 718 1545 756 ἂν

203 778 260 825 εἴη
301 780 367 814 τοῦ
404 778 463 814 καὶ
501 776 575 826 τῆν
616 777 757 824 ἄμμον
798 776 942 822 ἔχοντος
987 777 1050 819 εἰς
1091 777 1285 826 α’ριθμὸν
1323 779 1452 825 ἄγειν.
1497 801 1543 805 -

204 836 340 872 Dicens
382 837 420 872 in
456 848 506 872 or.
534 837 604 872 LX
630 837 671 872 9:
711 835 791 873 ἀλλ’
818 835 903 872 οὐδὲ
944 835 963 872 ὁ
1003 835 1097 877 Ζεὺς
1135 836 1280 886 ὄμβρων
1315 837 1417 886 ἡνίας
1455 836 1545 881 ἔχων

203 892 302 944 ὕδωρ
337 893 475 944 α’φῆκεν
514 894 576 933 ἐπὶ
615 893 679 944 τὴν
712 894 828 945 φλόγα
861 897 922 933 καὶ
955 897 1069 932 ταῦτα
1103 897 1238 933 Λυδῶν
1275 896 1363 933 ποτὲ
1401 897 1547 943 βασιλεῖ

205 953 465 1002 δυστυχήσαντι
504 954 638 1001 σβέσας
679 953 743 1003 τὴν
780 953 899 1003 πυροὶ-ν
940 955 1018 991 sine
1058 956 1164 991 dubio
1202 956 1377 992 Libanius
1420 957 1465 991 ad
1507 956 1546 991 id

204 1016 355 1059 spectat,
383 1014 477 1058 quod
502 1015 598 1059 apud
623 1014 709 1050 Her.
729 1014 748 1050 I
771 1014 817 1050 87
843 1013 997 1060 legimus
1023 1013 1238 1060 Apollinem,
1265 1018 1304 1050 ut
1329 1014 1497 1051 Croesum
1523 1025 1545 1050 a

205 1083 293 1116 rogo
320 1077 495 1117 servaret,
526 1073 647 1117 ignem
673 1074 789 1108 imbre
816 1074 929 1108 effuso
957 1073 1222 1119 exstinxisse3),
1257 1074 1400 1109 etiamsi
1424 1075 1546 1108 rhetor

204 1131 272 1167 hoc
303 1131 379 1167 loco
410 1142 476 1177 per
509 1142 666 1168 errorem
697 1131 820 1168 Iovem
853 1142 919 1177 pro
946 1131 1117 1177 Apolline
1142 1131 1310 1168 Croesum
1342 1135 1545 1169 servantem

207 1190 308 1226 facit.
342 1212 388 1216 —
422 1191 480 1227 Ad
513 1192 662 1227 eundem
696 1191 865 1227 Croesum
899 1203 922 1227 a
952 1191 1063 1237 Cyro,
1100 1202 1203 1234 quem
1238 1202 1429 1236 aggressus
1455 1195 1544 1235 erat,

207 1259 318 1293 regno
353 1249 536 1293 privatum
570 1249 764 1285 referenda
798 1253 882 1285 sunt
911 1249 1062 1285 Libanii
1095 1251 1208 1285 verba
1237 1249 1276 1285 in
1309 1260 1363 1294 ep.
1382 1250 1468 1285 469:
1503 1247 1547 1284 τὰ

207 1305 334 1356 Κύρου
366 1308 483 1355 ζητῶν
518 1306 537 1344 ὁ
565 1306 696 1349 Λυδός
730 1306 934 1355 ἀποβάλλει
970 1307 1016 1344 τὰ
1051 1306 1155 1352 ἶίντα;
1195 1308 1251 1344 his
1285 1308 1546 1353 significantur,

206 1377 299 1410 quae
324 1367 460 1412 Pythia
490 1368 586 1412 apud
611 1367 697 1403 Her.
725 1367 744 1402 I
769 1368 816 1403 53
843 1367 974 1404 Croeso
1000 1368 1207 1411 respondet:
1247 1365 1286 1414 ἢν
1311 1365 1545 1415 στρατεύηται

205 1424 268 1462 ἐπὶ
294 1425 451 1474 Πέρσας,
484 1425 640 1474 μεγάλην
665 1424 782 1474 οἷρχήν
805 1440 869 1471 μιν
894 1426 985 1471 (scil.
1012 1424 1075 1462 τὸν
1100 1428 1276 1474 Κροῖσον)
1301 1427 1495 1462 καταλῦσαι
1506 1425 1544 1471 ⁴).

205 1507 251 1513 -—
277 1485 427 1521 Libanii
452 1487 565 1522 verba
596 1486 635 1521 in
662 1497 711 1522 or.
739 1486 846 1522 XXV
866 1487 905 1521 7:
941 1485 1034 1531 λέγει
1065 1484 1105 1521 δὲ
1134 1485 1195 1521 καὶ
1228 1484 1248 1533 ἦ
1275 1484 1406 1523 Πυθία
1431 1498 1546 1532 παρα-

204 1543 420 1591 μυθουμένη
442 1547 603 1592 Κροῖσον
628 1542 690 1580 τόν
713 1543 842 1580 Λυδὸν
868 1543 1096 1589 αἰχμάλωτον
1121 1542 1207 1579 ὄντα
1233 1542 1335 1591 παρὰ
1360 1542 1470 1592 Κύρῳ
1495 1545 1546 1589 τῷ

206 1602 351 1652 Πέρσῃ·
383 1601 458 1651 τήν
483 1602 772 1651 πεπρωμένην
796 1603 953 1651 μοίρην
984 1600 1197 1639 ἀδύνατόν
1224 1602 1343 1639 ἐστιν
1373 1601 1545 1650 α’ποφυ-

206 1665 294 1708 γεῖν
326 1664 396 1699 καὶ
430 1664 518 1708 θεῷ
555 1663 738 1698 Herodoto
774 1662 897 1697 deberi
930 1673 996 1706 per
1029 1672 1067 1697 se
1101 1661 1340 1705 intellegitur,
1378 1661 1545 1704 quoniam

204 1714 310 1766 apud‘
326 1721 646 1757 Halicarnasseum
677 1720 716 1756 in
743 1720 889 1756 oraculo
926 1731 949 1755 a
982 1720 1117 1766 Pythia
1144 1719 1274 1756 Croeso
1306 1720 1389 1755 dato
1416 1719 1434 1755 Ι
1452 1720 1509 1764 91,
1526 1720 1543 1754 1

205 1781 328 1816 eadem
367 1780 538 1824 legimus:
582 1778 656 1827 τὴν
699 1778 989 1827 πεπρωμένην
1026 1779 1182 1825 μοίρην
1220 1776 1412 1815 α’δύνατά
1454 1777 1545 1814 ἐστι

204 1836 450 1885 ἀποφυγεῖν
488 1839 559 1874 καὶ
598 1838 705 1884 θειῇ;
753 1838 817 1873 sed
854 1837 919 1873 illo
957 1837 1036 1872 loco
1070 1836 1217 1872 Libanii
1255 1836 1452 1871 cavendum
1491 1839 1547 1871 est

204 1897 308 1933 nobis
335 1908 379 1933 ne
404 1908 470 1942 pro
497 1894 708 1933 α’ὃύνατόν
734 1895 833 1932 ἐστιν
859 1907 904 1932 ex
921 1896 1103 1932 Herodoto
1128 1895 1326 1933 scribamus
1353 1892 1546 1930 ἀδύνατά

204 1955 293 1998 ἐστι,
321 1956 489 2000 quoniam
515 1957 639 1992 rhetor
669 1956 735 1991 illa
760 1957 873 1992 verba
898 1955 1075 1991 Herodoti
1106 1965 1150 1989 ex
1174 1953 1346 1989 memoria
1371 1953 1546 1989 citavisse

204 2016 384 2059 putandus
411 2019 475 2050 est.
503 2036 550 2040 ——-
576 2015 741 2058 Denique
767 2015 806 2050 in
823 2014 973 2050 Libanii
991 2013 1248 2050 declamatione
1274 2012 1312 2047 II
1337 2013 1421 2057 §21
1437 2013 1469 2047 F
1494 2012 1546 2047 le-

203 2073 337 2117 gimus:
364 2071 437 2108 τόν
464 2085 506 2119 γε
526 2072 719 2120 Κροίσου
745 2074 821 2108 τοῦ
839 2073 991 2109 Λυδοῦ
1016 2084 1105 2119 φασι
1135 2072 1285 2111 παῖδα,
1311 2068 1435 2117 κωφὸν
1460 2068 1547 2106 ὄντα

304 2200 324 2238 ¹)
346 2200 460 2230 Eadem
481 2202 588 2229 narrat
609 2199 841 2229 Plutarchus
863 2199 960 2229 Solon.
977 2199 1023 2236 27,
1044 2199 1095 2235 qui
1115 2200 1146 2227 et
1166 2198 1228 2234 ipse
1250 2196 1455 2232 exHerodoto
1476 2206 1548 2235 pen-

204 2250 273 2279 dere
294 2251 368 2279 mihi
387 2250 516 2280 videtur.

303 2299 325 2333 ²)
347 2299 393 2329 Cf.
416 2299 512 2328 Suid.
535 2307 557 2328 s.
573 2307 599 2328 V.
623 2297 1065 2338 ψαμμακοσιογάργαρα·
1099 2295 1113 2325 ὁ
1135 2294 1193 2333 γὰρ
1215 2294 1336 2328 Πύθιος
1361 2295 1546 2326 νεανιεύεται

203 2346 253 2384 τῆς
273 2346 406 2386 ψάμμου
426 2346 479 2378 τὸν
500 2345 635 2386 ἀριθμὸν
656 2348 785 2377 εἰδέναι·
809 2345 876 2377 οἶδα
897 2345 927 2376 δ’
950 2345 1009 2385 ἐγώ
1031 2344 1185 2384 ψάμμου
1206 2341 1228 2373 τ’
1252 2341 1420 2384 ἀριθμὸν
1442 2348 1500 2375 κτλ.

302 2396 325 2434 ⁸)
347 2397 460 2426 Eadem
481 2396 635 2435 significat
655 2396 885 2426 Themistius
906 2398 937 2425 in
958 2405 999 2425 or.
1021 2394 1148 2424 XXXIV
1169 2402 1195 2430 p.
1211 2394 1279 2431 464,
1293 2393 1312 2423 8
1327 2403 1369 2431 sq.

303 2446 326 2482 ⁴)
348 2446 450 2474 Wolf
454 2446 513 2475 ius
534 2446 571 2475 ad
587 2446 708 2475 Libanii
722 2446 820 2475 locum
834 2448 915 2475 recte
930 2446 1069 2474 adnotat:
1090 2443 1336 2480 „proverbialiter
1349 2444 1412 2474 dici
1432 2445 1550 2474 videtur

203 2494 236 2523 in
256 2502 313 2529 eos,
334 2495 386 2531 qui
405 2495 476 2524 dum
496 2495 646 2533 ampliora
665 2498 880 2532 consectantur,
896 2494 1098 2532 praesentium
1118 2493 1271 2522 iacturam
1287 2493 1441 2531 faciunt“.
