1848 2929
915 196 963 232 38

262 313 361 349 tione
387 314 562 361 4Νεοκλῆς
595 313 774 358 inscripta
800 312 871 360 (IX
896 314 916 358 ξ
943 312 1023 360 43):
1068 307 1165 357 εἶξον
1198 311 1254 361 δή,
1286 310 1380 361 πρός
1410 312 1481 348 τοῖν
1507 313 1615 353 θεῶν,

264 370 359 420 πρός
392 373 463 407 τῶν
497 374 725 417 ναυμαχιῶν,
765 370 858 418 πρὸς
891 373 958 407 τοῦ
988 370 1157 413 Πυθίου,
1197 369 1291 418 πρὸς
1324 369 1472 415 Ἰάκχου,
1506 368 1616 417 πρός

264 428 444 478 Βορέου,
491 428 600 478 πρὸς
641 430 715 478 τῆς
755 430 883 471 θείας
922 429 1182 474 Σαλαμῖνος.
1234 450 1282 455 -
1332 429 1375 465 In
1415 440 1464 465 or.
1493 428 1615 466 LXIV

263 489 311 525 50
339 489 480 525 dicens:
517 488 835 534 Λακεδαιμονίους
868 488 972 536 ὁρᾷς
1003 488 1040 524 ἐν
1072 487 1332 537 Θερμοπύλαις
1364 487 1614 533 κτενιζομέ-

264 560 365 587 νους
402 547 462 583 καὶ
497 546 599 593 μετὰ.
627 545 692 595 τῆν
723 546 902 595 φροντίδα
940 546 1011 582 τῶν
1043 548 1177 595 τριχιῦν
1211 546 1252 583 τὸ
1287 545 1475 583 κάλλιστον
1511 544 1615 595 ἔργον

263 605 561 655 ἐξειργασμένως
592 606 631 642 in
662 606 782 642 animo
814 606 934 651 habet,
967 617 1059 650 quae
1085 606 1290 642 Herodotus
1317 607 1360 642 de
1386 605 1522 642 Xerxis
1554 616 1615 641 ex-

262 666 447 710 ploratore
481 669 609 701 narrat
634 665 707 702 VII
734 665 822 701 208:
866 663 951 706 τοὺς
983 664 1049 710 μὲν
1083 663 1127 712 δὴ
1161 664 1253 711 (scil.
1288 665 1370 700 τῶν
1397 666 1616 701 Λακεδαι-

261 723 440 769 μονίων)
475 721 562 771 ὥρα
597 721 899 770 γυμναζομένους,
933 722 1036 765 τοὺς
1070 722 1115 760 δὲ
1148 721 1223 763 τὰς
1255 721 1391 768 κόμας
1423 722 1614 767 κτενιζο-

261 782 426 827 μέμους
461 786 497 818 et
533 792 625 826 quae
658 782 730 819 VII
758 782 829 817 209
861 783 1095 817 Demaratum
1130 782 1308 817 dicentem
1341 782 1461 828 faciti
1486 780 1617 826 ,,νόμος

263 840 328 889 γάρ
364 853 431 890 σφι
466 841 559 888 (scil.
592 843 687 877 τοῖσι
721 839 1065 886 Λακεδαιμονίοισι)
1100 837 1216 881 οὕτως
1250 838 1342 885 ἔχων
1376 839 1472 888 ἐστί·
1507 837 1617 877 ἐπεάν

261 899 423 945 μέλλωσι
448 899 670 936 κινδυνεύειν
696 901 740 946 τῇ
760 901 871 947 ψυχῇ,
897 898 980 934 τότε
1005 898 1071 939 τάς
1097 898 1255 946 κεφαλὰς
1280 899 1532 944 κοσμέονται“.
1572 900 1615 934 In

263 969 313 995 or.
342 958 360 994 I
387 959 409 994 5
445 958 567 994 dicens
607 960 841 1004 μονομαχιῶν
867 957 1023 1000 ἐκείνων,
1057 957 1095 994 ἕν
1120 953 1180 1000 αἷς
1205 956 1362 995 ε”πιπτόν
1388 971 1427 994 τε
1457 958 1517 995 καὶ
1546 957 1616 994 ε’νί-

265 1032 336 1053 κων
361 1016 502 1065 ἄνδρες,
529 1015 593 1057 οὓς
619 1016 769 1065 ε”φησθα
795 1015 837 1053 ἂν
863 1015 1037 1064 μαθητάς
1063 1013 1156 1053 εἶναι
1184 1018 1256 1052 τῶν
1281 1016 1319 1053 ἐν
1344 1017 1487 1057 Πύλαις
1512 1030 1615 1064 τρια-

263 1074 396 1112 κοσίων
423 1076 564 1112 eosdem
592 1075 677 1112 illos
694 1075 1002 1112 Lacedaemonios
1029 1079 1210 1112 trecentos
1237 1076 1337 1123 (Her.
1359 1076 1534 1123 V11202)
1561 1075 1616 1112 in-

264 1135 379 1179 dicat,
429 1135 490 1178 qui
530 1135 694 1170 Leonida
738 1136 827 1170 duce
871 1135 918 1170 ad
959 1135 1239 1180 Thermopylas,
1279 1135 1445 1178 quamvis
1485 1135 1538 1170 ibi
1580 1146 1618 1171 se

264 1193 460 1230 morituros
492 1204 570 1230 esse
602 1204 673 1229 non
706 1193 992 1239 ignoravissent,
1027 1197 1148 1229 tamen
1173 1194 1386 1230 restiterunt
1413 1198 1463 1239 et,
1498 1194 1616 1239 prius-

264 1263 371 1296 quam
405 1253 478 1296 ipsi
510 1252 738 1297 cecidissent,
773 1253 968 1288 Persarum
1000 1256 1139 1288 tantam
1166 1253 1307 1297 copiam
1341 1253 1614 1297 interfecerunt,

263 1315 304 1346 ut
320 1311 463 1347 Xerxes
490 1312 535 1346 ab
564 1311 616 1347 eis
635 1311 754 1347 victus
781 1321 860 1347 esse
888 1311 960 1346 dici
986 1311 1112 1355 possit.
1142 1332 1188 1336 —
1216 1311 1260 1347 In
1286 1322 1336 1347 or.
1356 1311 1374 1347 I
1393 1312 1439 1347 89
1466 1311 1616 1347 Libanii

264 1371 378 1406 verba
404 1368 609 1415 ἐλέγξαντες
634 1367 725 1417 ἔργῳ
752 1368 908 1415 μάταιον
934 1368 1051 1415 λόγον,
1083 1368 1133 1409 ὠς
1159 1368 1223 1405 οὐκ
1248 1368 1379 1418 ἀνάγκη
1405 1373 1484 1410 τοῖς
1509 1368 1616 1417 ἀλλή-

264 1428 336 1462 λων
367 1426 523 1474 ἀγαθοῖς
556 1431 710 1475 φθονεῖν
736 1426 821 1469 τούς
853 1430 1111 1469 κοινωνοῦντας
1144 1428 1323 1476 πατρίδος
1361 1430 1407 1464 ad
1438 1440 1482 1464 ea
1513 1440 1615 1474 spee—

264 1490 362 1531 tant,
413 1497 505 1530 quae
548 1487 754 1522 Herodotus
803 1487 875 1523 VII
913 1487 983 1522 237
1028 1487 1187 1523 Xerxem
1236 1487 1376 1523 inducit
1419 1487 1614 1523 dicentem:

264 1544 468 1594 ,πολιήτης
493 1545 560 1592 μὲν
587 1544 743 1594 πολιήτῃ
769 1540 811 1582 εὖ
836 1545 1036 1595 πρήσσοντι
1064 1546 1217 1595 φθονέει
1249 1546 1310 1583 καὶ
1335 1544 1411 1584 ἐστι
1439 1545 1616 1596 δυσμενής

263 1607 308 1654 τῇ
335 1607 458 1653 σιγῇ“;
506 1606 629 1642 eadem
656 1605 843 1650 significat
877 1606 1042 1651 sophista
1075 1607 1113 1642 in
1150 1617 1205 1651 ep.
1226 1607 1297 1642 242
1336 1607 1382 1642 ad
1418 1607 1616 1643 Maximum

264 1664 403 1709 scripta
430 1665 573 1701 dicens:
609 1662 770 1711 ἐγένοντο
800 1666 866 1701 τοῦ
896 1664 1043 1713 φθόνου
1067 1665 1253 1714 κρείττους
1284 1667 1433 1702 πολῖται
1465 1664 1617 1713 πολίτην

264 1722 486 1769 ἀγαπῶντες.
515 1745 560 1749 -
587 1724 631 1759 In
658 1735 708 1760 or.
736 1724 812 1759 XII
830 1725 888 1769 48,
915 1724 979 1760 ubi
1005 1725 1148 1760 codices
1174 1726 1351 1769 praebent
1376 1724 1526 1764 πλείους
1551 1724 1618 1770 μὲν

265 1780 426 1831 τριήρεις
444 1781 569 1818 ἐνίκων
588 1783 674 1831 περὶ
689 1784 878 1827 Σαλαμῖνα
896 1782 1112 1831 τριακόσιαι,
1126 1782 1277 1819 Reiskio
1297 1786 1333 1818 et
1346 1783 1617 1829 Foerstero¹)

265 1845 348 1886 post
364 1840 432 1886 μὲν
449 1841 694 1878 inserentibus
713 1841 854 1886 χιλίους
872 1842 1069 1886 assentior3
1097 1853 1179 1878 nam
1198 1842 1265 1878 hoc
1283 1842 1373 1888 loco,
1393 1846 1432 1878 ut
1445 1843 1618 1879 Foerster

265 1903 363 1935 recte
387 1900 661 1947 demonstravit,
689 1911 857 1936 numerus
883 1901 1032 1937 navium
1049 1901 1244 1935 Persarum
1263 1901 1499 1946 desideratur,
1527 1911 1617 1945 quas

265 1958 366 1995 mille
393 1959 566 1995 ducentas
592 1962 728 2004 septem
756 1958 871 1996 fuisse
897 1959 1052 2005 legimus
1079 1959 1175 2004 apud
1200 1960 1285 1996 Her.
1311 1960 1402 1997 VIII
1428 1960 1491 2005 663
1535 1971 1618 1996 nam

265 2018 333 2053 hoc
372 2018 451 2053 loco
488 2018 793 2053 Halicarnasseus
833 2018 923 2053 dicit
964 2018 1096 2054 Persas
1142 2019 1275 2054 habere
1318 2018 1467 2054 totidem
1506 2029 1618 2055 naves

266 2080 353 2121 quot
379 2077 425 2112 ad
444 2076 707 2122 Thermopylas
734 2076 834 2123 (Her.
854 2076 927 2113 VII
947 2076 1047 2123 184);
1084 2076 1305 2113 Graecorum
1332 2081 1452 2114 autem
1471 2077 1619 2115 navium

266 2147 463 2181 numerum,
500 2146 592 2180 quae
627 2147 739 2180 prope
765 2136 985 2171 Salaminem
1020 2136 1174 2172 insulam
1209 2140 1468 2182 convenerant,
1503 2137 1618 2173 Hero-

265 2196 371 2231 dotus
403 2195 519 2231 tradit
544 2194 637 2233 VIII
663 2195 726 2231 48:
767 2193 931 2243 ἀριθμὸς
964 2193 1004 2232 δὲ
1037 2193 1173 2241 ἐγίνετο
1206 2194 1225 2232 ὁ
1252 2198 1326 2238 πᾶς
1359 2197 1432 2232 τῶν
1456 2197 1545 2232 νεῶν
1571 2217 1617 2221 -

265 2253 475 2303 τριηκόσιαι
506 2255 567 2291 καὶ
599 2252 848 2303 ἑβδομήκοντα
879 2254 938 2291 καὶ
970 2252 1073 2291 ὀκτώ.
1132 2255 1309 2292 Numeros
1341 2256 1483 2300 quidem
1515 2253 1618 2302 ἑβδο-

265 2313 424 2361 μήκοντα
458 2317 495 2350 et
527 2313 622 2350 ὀκτώ
657 2314 836 2350 Libanius
869 2317 908 2349 ut
936 2324 1007 2349 non
1033 2315 1256 2351 necessarios
1287 2315 1352 2351 illo
1378 2315 1457 2351 loco
1485 2315 1616 2351 omisit.

269 2393 312 2397 —
342 2373 445 2418 Quod
472 2373 596 2409 rhetor
630 2374 668 2409 in
695 2384 746 2409 or.
775 2373 830 2408 XI
857 2373 928 2407 228
955 2373 998 2407 de
1024 2374 1145 2417 patria
1171 2385 1253 2419 sua,
1286 2384 1377 2417 quae
1404 2384 1618 2417 quamquam

369 2491 388 2528 ¹)
411 2491 487 2521 Mus.
503 2491 596 2520 Rhen.
620 2491 738 2519 XXXII
760 2491 807 2520 92.
