1848 2929
953 216 1001 254 84

298 332 443 379 κόμενοι
477 355 523 358 -
543 346 588 360 -’
621 333 966 381 καταρρωδήσαντες
1000 331 1194 382 δρησμόν
1228 332 1459 379 ἐβούλευον
1492 337 1528 370 et
1560 334 1653 370 VIII

301 393 364 428 18:
392 390 561 439 Ἕλληνες
587 413 633 418 —-
661 391 851 439 δρησμὸν
885 391 929 440 δὴ
964 392 1197 439 ἐβούλευον
1230 391 1317 443 ε”σω-
1336 391 1374 432 ἐς
1406 391 1471 440 τὴν
1499 391 1653 429 Ἑλλάδα

301 454 337 486 et
362 451 395 488 V
424 451 513 486 124:
550 448 743 499 δρησμὸν
770 449 1001 496 ἐβούλευεν
1035 451 1127 497 (scil.
1143 449 1429 499 Ἀρισταγόρης),
1468 454 1504 487 et
1537 451 1654 496 ipsam

299 509 480 545 Libanius
507 509 674 545 adhibuit
712 509 751 544 in
776 510 847 546 vol.
876 509 929 545 IV
955 511 1038 555 644,
1057 510 1079 546 5
1098 511 1142 555 R,
1182 509 1244 546 ubi
1270 520 1485 554 quamquam
1511 509 1654 546 codices

299 570 477 613 praebent
510 565 673 616 δρασμόν
707 567 748 604 δὲ
781 566 846 604 οὐκ
882 567 1141 617 ἐβουλόμην,
1181 573 1302 605 tamen
1335 568 1564 605 scribendum
1599 571 1654 605 est
1692 595 1694 597 -

236 632 239 633 ’
300 625 495 674 δρασμὸν
527 625 568 663 δὲ
593 625 658 662 οὐκ
684 626 995 675 ἐβουλευόμην,
1030 638 1075 663 ex
1101 638 1171 671 quo
1204 627 1316 663 facile
1347 625 1549 674 ἐβουλόμην
1575 638 1654 663 cor-

299 686 419 730 rumpi
446 685 566 730 potuit
578 685 614 732 1).
668 685 800 722 Activo
831 696 964 731 genere
995 686 1130 722 locutio
1158 686 1268 722 etiam
1295 686 1391 731 apud
1416 685 1653 722 Lueianum

299 744 404 780 Char.
426 745 469 779 21
497 747 635 780 exstat:
664 745 769 791 δῆλοί
795 743 867 781 εἰσι
896 743 1059 793 δρασμὸν
1086 743 1154 792 ἤδη
1180 743 1415 790 βουλεύοντες
1441 748 1477 780 et
1502 755 1556 789 ep.
1576 744 1651 781 Sat.

299 803 365 838 35:
394 800 560 851 δρασμὸν
586 801 858 849 βουλεύσουσιν.
911 804 1019 848 Apud
1045 803 1137 839 alios
1164 804 1314 839 eandem
1339 803 1556 839 locutionem
1582 814 1654 840 non

298 862 514 898 invenimus.

399 919 661 964 ἐκδέχεσθαι
692 919 767 969 τὴν
798 918 934 969 α’ρχὴν
967 920 1089 967 (reqno
1114 921 1319 967 succedere).
1371 921 1474 957 Haec
1504 920 1651 966 locutio,

299 980 402 1015 cuius
449 980 614 1024 exempla
660 981 755 1024 apud
794 981 1017 1015 Herodotum
1065 983 1211 1015 exstant
1249 980 1266 1014 I
1295 981 1334 1014 7:
1379 977 1554 1026 ἄρξαντες
1588 980 1654 1024 μὲν

299 1037 363 1074 ἐπὶ
402 1037 469 1073 δύο
503 1051 542 1073 τε
572 1038 633 1074 καὶ
665 1039 779 1074 εἴκοσι
810 1036 935 1084 γενεὰς
966 1036 1109 1086 οἷνδριῦν
1147 1036 1228 1074 ἔτεα
1261 1036 1369 1074 πέντε
1402 1052 1441 1074 τε
1474 1038 1535 1074 καὶ
1568 1051 1652 1074 πεν-

298 1095 466 1139 τακόσια,
514 1100 605 1138 παῖς
638 1095 740 1145 παρὰ
779 1096 920 1144 πατρὸς
967 1096 1246 1143 ἐκδεκόμενος
1291 1095 1367 1145 τὴν
1405 1095 1578 1145 α’ρχήνῗ)
1618 1102 1654 1133 et

299 1156 391 1191 VIII
417 1157 482 1190 44:
527 1155 816 1200 ἐκδεξαμένου
853 1155 894 1192 δὲ
937 1155 1129 1204 Ἐρεχθέος
1171 1154 1245 1203 τῆν
1287 1154 1422 1204 οἷρχὴν
1463 1154 1651 1203 Ἀθηναῖοι

297 1213 650 1262 μετωνομάσθησαν,
690 1215 785 1259 apud
822 1214 1016 1250 Libanium
1057 1215 1242 1251 invenitur
1280 1215 1319 1250 in
1358 1226 1408 1251 or.
1437 1214 1560 1251 XLVI
1585 1214 1650 1251 20:

298 1275 425 1309 κτᾶται
461 1271 494 1309 δ’
520 1272 539 1309 ὁ
565 1272 639 1321 τῆν
673 1272 807 1320 οἷρχῆν
842 1272 1143 1318 ἐκδεξάμενος,
1183 1285 1233 1309 or.
1261 1274 1327 1310 LV
1357 1274 1418 1310 10:
1459 1273 1494 1309 εἰ
1519 1272 1561 1309 δὲ
1587 1273 1651 1309 ε’κ-

300 1331 450 1376 δέξαιο
476 1333 677 1373 τεθνεῶτος
703 1330 817 1367 αὐτοῦ
843 1330 918 1380 τὴν
944 1330 1096 1380 α’ρχήν,
1124 1343 1174 1368 or.
1194 1332 1302 1368 LXII
1326 1333 1391 1368 58:
1420 1331 1651 1376 ἕξεδέξατό

299 1403 338 1425 τε
371 1389 436 1438 τῆν
469 1388 594 1438 ἀρχήν.
652 1391 722 1426 Sed
757 1391 867 1426 etiam
901 1401 980 1426 cum
1014 1391 1244 1427 substantivo
1278 1390 1470 1438 βασιληίην
1502 1392 1651 1427 verbum

299 1448 515 1493 ἐκδέχεσθαι
564 1451 609 1485 ab
660 1450 844 1485 Herodoto
895 1449 1041 1494 saepius
1091 1449 1338 1495 coniungitur,
1388 1450 1488 1486 velut
1540 1450 1558 1485 Ι
1585 1450 1649 1486 26:

299 1507 579 1556 τελευτήσαντος
615 1508 654 1545 δὲ
680 1507 879 1544 Ἀλυάττεω
915 1507 1103 1552 ἐξεδέξατο
1139 1506 1204 1556 τὴν
1238 1508 1435 1556 βασιληίην
1471 1511 1649 1557 Κροῖσος;

299 1567 386 1603 item
413 1567 431 1603 Ι
452 1568 531 1604 107.
560 1567 598 1603 II
620 1569 700 1603 111.
725 1568 802 1603 112.
827 1569 905 1603 121.
928 1568 996 1603 127
1024 1572 1090 1604 etc.
1128 1567 1223 1614 Quin
1250 1568 1360 1604 etiam
1387 1568 1552 1604 absolute
1569 1579 1650 1605 ver-

300 1629 383 1662 bum
410 1625 625 1670 ἐκδέχεσθαι
646 1628 778 1662 eadem
805 1627 952 1662 notione
979 1627 1283 1663 Halicarnasseus
1318 1627 1467 1663 adhibet
1492 1627 1531 1662 ΙΙ
1564 1628 1649 1663 161:

304 1684 477 1729 Ψάμμιος
508 1685 548 1722 δὲ
573 1683 613 1730 ἓξ
639 1683 720 1720 ἔτεα
747 1687 880 1730 μοῦνον
904 1684 1192 1731 βασιλεύσαντος
1223 1685 1282 1721 καὶ
1308 1686 1507 1730 μεταυτίκα
1531 1686 1651 1721 τελευ-

298 1743 472 1791 τήσαντος
499 1742 727 1788 ἐξεδέξατο
754 1742 922 1792 Ἀπρίης;
959 1748 995 1780 et
1021 1744 1039 1779 I
1069 1744 1147 1780 103.

397 1802 568 1838 *ἐνδεῖν
606 1801 777 1849 ἀνάγκη.
840 1803 940 1848 Quae
980 1804 1186 1839 Herodotus
1225 1803 1315 1838 dicit
1352 1804 1370 1838 I
1399 1804 1462 1838 11:
1515 1801 1651 1838 ἱκέτευε

263 1879 266 1883 ·
297 1859 348 1907 μή
378 1874 442 1905 μιν
474 1859 686 1907 ἀναγκαίῃ
718 1859 880 1897 ἐνδέειν
913 1863 1095 1908 διακρῖναι
1130 1859 1301 1907 τοιαύτην
1334 1858 1475 1908 αἳρεσιν
1521 1864 1557 1896 et
1595 1860 1651 1896 IX

299 1920 363 1955 16:
403 1921 518 1955 ταῦτα
545 1918 585 1956 δὲ
613 1918 785 1967 Περσέων
811 1921 935 1964 συχνοὶ
968 1917 1202 1964 ἐπιστάμενοι
1239 1917 1408 1964 ἑπόμεθα
1441 1918 1650 1967 ἀναγκαίῃ

298 1977 626 2025 ἐνδεδεμένοιῧ),
671 1979 716 2014 ad
759 1979 849 2015 haec
891 1979 1070 2015 Libanius
1113 1982 1255 2023 spectat
1297 1979 1335 2014 in
1377 1989 1427 2015 or.
1454 1979 1560 2017 LVII
1586 1979 1649 2015 31:

298 2036 365 2085 ἤδη
393 2036 433 2074 δέ
464 2051 558 2079 τινες
584 2036 788 2085 οἶφορήίὀις
818 2036 1026 2084 ἀνάγκαις
1058 2036 1321 2085 ἐνδήσαντες
1353 2036 1416 2074 τὸν
1441 2037 1648 2086 ὀφείλοντα.

399 2175 420 2210 ¹)
442 2175 530 2203 Hunc
556 2175 654 2203 locum
680 2183 739 2203 non
762 2178 844 2203 recte
873 2183 904 2202 se
924 2175 1034 2202 habere
1063 2175 1121 2202 iam
1144 2174 1287 2203 Morellus
1313 2178 1345 2204 et.
1365 2175 1507 2204 Reiskius
1538 2182 1648 2212 cogno-

298 2226 427 2259 verunt;
449 2223 500 2252 sed
515 2223 553 2252 ab
568 2224 606 2252 iis
621 2222 824 2252 scribentibus
839 2221 1001 2259 ἐβούλευον
1017 2222 1170 2260 dissentio,
1186 2225 1326 2259 quoniam
1340 2222 1498 2261 βουλεύειν
1512 2221 1650 2263 δρασμὸν

297 2271 453 2311 significat
475 2272 651 2301 constituere
666 2272 774 2310 fuyere
795 2275 826 2301 et
846 2271 1045 2309 βουλεύεσθαι
1068 2271 1206 2311 δρασμὸν
1221 2273 1330 2311 fugam
1348 2273 1497 2309 meditari,
1518 2273 1549 2302 id
1570 2272 1648 2310 quod

297 2331 333 2350 ex
357 2322 504 2350 Herodoti
525 2321 600 2350 locis
622 2322 823 2358 cognoscitur.

397 2370 418 2407 ²)
442 2370 528 2398 Conf.
551 2378 628 2404 quae
650 2369 796 2398 Libanius
818 2369 959 2398 similiter
981 2370 1055 2398 dicit
1076 2371 1105 2398 in
1129 2379 1169 2400 or.
1192 2371 1236 2399 XI
1252 2371 1307 2400 68:
1330 2372 1451 2409 ἔχοντες
1470 2374 1575 2400 τοίνυν
1594 2368 1648 2408 τήν

292 2418 397 2456 Ἰώνην
419 2421 448 2448 οἱ
469 2417 544 2455 τότε,
574 2419 704 2451 παῖδες
733 2416 789 2448 ἀεὶ
818 2417 913 2457 παρὰ
935 2422 1103 2455 πατέρων
1132 2418 1345 2459 δεχόμενοι.
1383 2420 1485 2449 Simile
1507 2421 1555 2449 est
1575 2419 1646 2450 Her.

297 2467 327 2495 II
349 2469 419 2496 166:
441 2472 528 2500 παῖς
548 2465 647 2505 παρὰ
668 2466 808 2505 πατρὸς
829 2467 1084 2506 ἐκδεκόμενος.

394 2516 416 2553 ³)
440 2517 526 2546 Hunc
547 2525 635 2546 usum
658 2516 741 2545 verbi
768 2517 867 2546 ἐνδεῖν
890 2517 1061 2546 Herodotus
1088 2526 1128 2546 ex
1148 2518 1304 2546 Homero
1327 2517 1447 2547 videtur
1467 2518 1647 2548 delibavisse
