1848 2929
846 205 894 241 55

195 322 321 359 attulit
357 322 396 358 Π
428 323 516 358 124;
569 323 923 369 δεινολογεῖσθαι
962 323 1059 370 (scil.
1092 323 1255 371 εἴρηκεν)
1292 320 1543 370 “Ηρόδοτος.

194 381 385 417 Invenitur
410 381 520 417 etiam
541 382 637 426 apud
662 382 748 418 Her.
768 383 820 419 IV
838 383 903 426 68;
931 385 1121 427 praeterea
1139 382 1236 426 apud
1260 381 1543 416 Plutarchum

195 439 287 477 Sert.
315 441 348 476 6.

293 498 675 548 *διαπορθμεύειν
710 499 793 544 (διὰ
819 502 995 549 πορθμοῦ
1024 500 1208 546 κομίζειν)
1244 500 1394 536 adhibet
1430 499 1544 536 Liba-

195 558 277 595 nius
307 558 345 594 in
376 570 426 595 or.
454 559 542 595 LIX
570 559 658 596 152:
692 557 803 596 ἵπποι
834 558 874 609 δὲ
903 559 964 596 καὶ
989 558 1152 609 τέτρωρα
1182 557 1270 608 παρ’
1296 557 1435 608 ἡμέραν
1459 560 1543 599 ταῖς

196 618 387 661 διαδοχαῖς
423 616 465 654 τὸ
507 616 617 662 τάχος
656 615 880 654 ἐπιτείνοντα
917 617 982 659 τὰς
1020 617 1198 667 ἑκατέρων
1239 616 1328 667 παρ’
1365 616 1544 666 ἀλλήλους

196 675 521 725 διαπορθμεύει
558 675 700 723 γνώμας
738 678 861 713 eodem
893 678 996 713 modo
1033 681 1141 721 atque
1174 678 1380 714 Herodotus
1418 677 1475 713 IX
1498 677 1540 712 4:

195 733 214 770 ὁ
241 733 454 782 Μαρδόνιος
483 734 622 780 πέμπει
648 735 687 775 ἐς
712 736 901 780 Σαλαμῖνα
926 735 1167 783 Μουρυχίδην
1193 757 1240 761 -
1265 735 1424 784 φέροντα
1455 734 1542 776 τούς

195 791 328 834 αὐτοὺς
345 791 483 840 λόγους,
509 791 596 836 τοὺς
621 795 680 831 καὶ
697 792 930 842 Ἀλέξανδρος
956 792 975 830 ὁ
993 793 1175 831 Μακεδὼν
1192 797 1289 831 τοῖσι
1307 792 1541 842 Ἀθηναίοισι

195 850 538 900 διεπόρθμευσε;
574 863 657 888 nam
683 853 985 889 Halicarnasseus
1017 856 1053 889 et
1081 853 1161 898 ipse
1185 854 1293 898 paulo
1319 857 1403 898 post
1433 864 1540 889 accu-

194 910 352 947 sativum
377 908 520 956 γνώμας
551 911 715 947 adhibet:
751 912 866 946 ταῦτα
897 910 936 947 δὲ
967 909 1007 946 τό
1034 909 1201 959 δεύτερον
1226 909 1423 948 ἀπέστελλε
1449 924 1540 960 προ-

194 967 286 1013 έχων
310 968 377 1015 μὲν
401 971 473 1005 τῶν
497 968 703 1017 Ἀθηναίων
730 968 772 1005 ου’
797 969 923 1018 φιλίας
948 968 1131 1015 γνώμας,
1162 980 1265 1014 quem
1291 970 1540 1007 accusativum

194 1029 290 1072 apud
306 1029 501 1064 Libanium
526 1030 572 1064 ab
592 1029 655 1064 illo
683 1027 1010 1075 διαπορθμεύει
1035 1029 1247 1072 pendentem
1264 1029 1432 1065 vidimus.
1468 1029 1539 1065 Sed

193 1097 264 1123 non
297 1088 400 1123 modo
434 1087 503 1123 hac
536 1086 718 1123 translata
751 1087 897 1123 notione
930 1088 1070 1123 nuntios
1096 1088 1263 1133 afferendi
1296 1088 1391 1133 apud
1410 1088 1539 1124 ‘Hero-

192 1146 314 1181 dotum
331 1148 479 1182 verbum
507 1148 637 1190 exstat,
664 1146 727 1182 sed
753 1146 863 1182 etiam
885 1146 1035 1190 propria
1062 1145 1113 1192 (=
1138 1147 1315 1182 traducere
1340 1147 1398 1182 vel
1422 1151 1538 1183 trans-

191 1203 261 1251 ire)
295 1206 341 1240 ab
375 1215 416 1241 eo
451 1204 644 1240 adhibetur
678 1204 730 1240 IV
751 1205 830 1240 141.
868 1204 901 1240 V
919 1205 976 1240 52.
1009 1204 1100 1242 VIII
1126 1205 1204 1241 130.
1256 1205 1363 1250 Apud
1399 1208 1537 1241 ceteros

191 1265 340 1299 verbum
357 1274 430 1300 non
447 1263 745 1308 deprehendimus
771 1263 843 1299 nisi
861 1264 957 1308 apud
981 1263 1204 1299 Platonem
1226 1274 1339 1309 symp.
1358 1275 1392 1308 p.
1403 1264 1474 1300 202
1488 1264 1536 1299 E:

191 1320 388 1370 ἑρμηνεῦον
426 1322 487 1358 καὶ
525 1322 860 1370 διαπορθμεῦον
898 1322 995 1369 (scil.
1030 1320 1072 1358 τὸ
1107 1321 1318 1367 δαιμόνιον)
1356 1325 1461 1364 θεοῖς
1494 1321 1539 1359 τοὶ

191 1379 277 1430 παρ’
304 1379 513 1430 ἀνθρώπων
543 1382 604 1418 καὶ
629 1379 842 1429 ἀνθρώποις
872 1378 918 1417 τοὶ
943 1379 1043 1429 παρὰ
1069 1382 1168 1417 θεῶν
1201 1384 1238 1417 et
1268 1382 1364 1426 apud
1388 1381 1536 1418 Philo-

191 1443 375 1476 stratum
401 1440 655 1486 minorem1).

290 1497 605 1535 *ἐθελοκακεῖν
641 1499 692 1546 (in
718 1510 840 1545 puyna
866 1511 938 1535 rem
964 1499 1054 1536 male
1077 1510 1192 1545 yerere
1218 1498 1395 1546 consulto).
1439 1499 1536 1535 Huic

190 1560 312 1602 verbo,
339 1559 433 1601 quod
459 1569 482 1593 a
506 1557 664 1593 Libanio
691 1558 883 1593 adhibetur
912 1558 952 1593 in
983 1569 1033 1593 or.
1061 1558 1150 1593 LIX
1175 1559 1222 1593 92
1253 1556 1356 1598 (οὐδὲ
1382 1557 1445 1593 ἐπὶ
1469 1559 1534 1605 τῆς

191 1616 315 1664 χρείας
357 1615 724 1657 ἐθελοκακοῦντες
773 1614 955 1664 ὤφθησαν
997 1614 1081 1653 οὐδὲ
1131 1614 1352 1664 προσιόντας
1395 1614 1535 1657 ἰδόντες

190 1673 373 1724 βάρβαροι
399 1673 609 1723 βαρβάρους
627 1696 671 1701 -
691 1672 806 1716 εὐθύς
830 1673 1084 1720 μετετάξαντο)
1110 1675 1218 1720 paulo
1235 1678 1319 1720 post
1344 1675 1383 1711 in
1409 1675 1533 1711 eadem

189 1734 419 1778 paragrapho
453 1734 675 1768 contrarium
709 1733 918 1777 opponitur:
958 1735 1002 1780 τῇ
1034 1733 1265 1780 προθυμίᾳ
1302 1735 1373 1767 τῶν
1406 1731 1532 1780 ἔργων,

189 1802 260 1836 qua
293 1792 331 1827 in
364 1802 404 1828 re
437 1792 560 1828 rhetor
585 1791 808 1827 Herodotum
841 1791 1020 1836 sequitur,
1055 1791 1117 1835 qui
1151 1791 1265 1827 eidem
1290 1792 1401 1828 verbo
1435 1791 1531 1827 idem

188 1851 410 1888 contrarium
428 1851 597 1896 opposuit
613 1851 670 1887 IX
688 1851 750 1887 67:
779 1844 880 1887 οὗτοι
898 1845 1018 1895 εἶχον
1043 1851 1299 1898 προθυμίην
1324 1848 1389 1886 οὐκ
1406 1848 1531 1899 ὀλίγην

187 1909 387 1955 μαχόμενοί
424 1923 464 1945 τε
505 1911 576 1946 καὶ
619 1908 693 1945 οὐκ
735 1908 1106 1950 ἐθελοκακέοντες.
1173 1910 1368 1946 Praeterea
1393 1910 1531 1954 legitur

188 1969 284 2014 apud
300 1969 496 2005 Libanium
514 1969 604 2005 decl.
623 1969 675 2006 IV
687 1969 734 2005 39
748 1968 780 2004 F
806 1972 842 2005 et
860 1969 955 2013 apud
972 1969 1058 2005 Her.
1077 1969 1096 2005 I
1117 1969 1196 2014 127,
1209 1968 1241 2004 2.
1269 1968 1299 2005 V
1316 1968 1371 2004 78.
1398 1968 1451 2005 VI
1470 1968 1528 2005 13.

187 2028 280 2064 VIII
306 2029 363 2063 22.
383 2029 440 2063 69.
460 2029 518 2063 85.
571 2029 674 2073 Quod
698 2028 766 2063 hoc
783 2029 932 2063 verbum
957 2028 1102 2071 saepius
1128 2028 1223 2071 apud
1248 2027 1478 2071 Polybium
1489 2027 1528 2073 ²),

189 2096 339 2130 quocum
364 2086 465 2122 nulla
489 2096 549 2122 res
575 2089 631 2122 est
655 2085 828 2131 Libanio,
857 2089 893 2121 et
918 2086 1014 2131 apud
1044 2084 1300 2121 Pausaniam
1331 2085 1442 2120 semel
1468 2096 1530 2121 ex-

186 2148 271 2189 stat,
298 2148 449 2188 uterque
475 2148 511 2180 et
535 2145 614 2189 ipse
641 2155 686 2180 ex
703 2145 887 2181 Herodoto
905 2145 1046 2188 pendet.
1082 2144 1245 2187 Denique
1271 2143 1529 2190 Lucianus³)

187 2203 256 2239 hoc
280 2205 391 2240 verbo
416 2203 533 2239 utitur
558 2213 669 2239 somn.
693 2203 737 2239 18
769 2204 820 2245 (εἲ
843 2216 902 2244 τις
926 2201 1045 2239 αὐτῶν
1070 2200 1142 2238 ὑπὸ
1167 2201 1295 2242 πενίας
1321 2201 1530 2239 ἐθελοκα-

187 2261 269 2308 κεῖ)
296 2265 332 2297 et
350 2262 560 2298 Aelianus
587 2265 661 2298 nat.
681 2262 788 2298 anim.
805 2262 857 2299 IV
875 2263 932 2307 43,
960 2262 1087 2306 quibus
1105 2261 1194 2297 locis
1218 2271 1287 2296 non
1305 2262 1348 2296 de
1366 2271 1530 2307 pugnan-

187 2321 285 2357 tibus
311 2321 454 2357 dicitur.

287 2418 307 2456 ¹)
329 2418 406 2447 Vide
427 2418 586 2455 Schmid,
607 2419 796 2456 Atticismus,
818 2419 876 2449 vol.
897 2418 941 2448 IV
962 2427 988 2455 p.
1004 2417 1068 2447 258.

285 2466 375 2502 ²)1v
395 2467 442 2503 38,
457 2467 484 2496 6.
513 2468 541 2496 v
563 2468 589 2504 1,
605 2467 631 2496 7.
659 2468 686 2504 2,
700 2467 728 2496 8.
755 2469 784 2503 4,
800 2468 844 2496 11.
872 2468 920 2504 20,
934 2468 960 2496 3.
989 2468 1052 2502 100,
1068 2467 1093 2495 7.
1121 2466 1164 2495 v1
1188 2467 1232 2502 15,
1247 2467 1274 2496 5.

285 2513 308 2552 ⁸)
329 2514 407 2544 Vide
428 2514 571 2545 Schmid
599 2515 619 2546 1.
634 2524 658 2547 c.
680 2515 738 2547 vol.
760 2515 776 2545 I
796 2524 823 2553 p.
838 2516 905 2547 306.

285 2562 309 2600 ⁴)
331 2563 407 2594 Vide
427 2564 569 2599 Schmid
595 2565 614 2595 l.
629 2573 654 2596 c.
676 2565 734 2596 vol.
756 2565 804 2595 111
824 2574 852 2602 p.
868 2566 933 2596 171.
