1848 2929
864 255 1051 311 -Ἇ,

288 378 359 419 tur,
387 374 481 418 quod
508 385 553 410 ex
580 374 702 410 eodem
730 373 851 419 capite
879 374 989 410 etiam
1016 385 1074 418 ea,
1102 385 1194 418 quae
1221 374 1265 410 de
1291 374 1484 419 Megabazi
1508 374 1644 419 legatis

288 445 311 468 a
337 433 597 469 Macedonibus
624 432 830 468 interfectis
858 437 1065 477 narrantur,
1093 432 1271 468 delibavit
1283 432 1320 479 1).
1372 432 1443 468 Sed
1469 433 1578 468 etiam
1605 432 1644 468 in

289 492 399 527 Plut.
427 502 515 527 mor.
551 502 584 535 p.
608 491 701 526 1102
725 492 754 525 Α
791 490 994 526 adhibetur.
1055 491 1158 527 Conf.
1191 491 1301 527 schol.
1335 492 1381 526 ad
1421 491 1641 535 Aristoph.

289 561 368 594 pac.
397 561 429 586 v.
451 550 533 585 565.

390 607 605 652 στέλεχος,
640 609 735 651 quod
765 607 1034 644 substantivum
1067 609 1109 644 de
1142 612 1268 644 trunco
1304 608 1405 644 oleae
1432 608 1506 644 dici
1539 608 1642 654 solet,

290 668 470 703 Libanius
497 668 534 702 in
561 667 632 703 vol.
654 667 702 702 IV
734 668 839 711 1030,
859 668 881 702 8
899 668 932 702 R
958 667 1143 710 (στέλεχος
1169 666 1325 709 ἐλαίας),
1351 668 1574 712 deprompsit
1599 679 1644 703 ex

290 727 376 762 Her.
405 726 496 763 VIII
522 726 585 770 55,
626 736 695 769 quo
731 736 775 760 ex
809 725 929 770 capite
963 737 1033 761 non
1067 727 1172 761 modo
1199 728 1347 762 verbum
1382 724 1593 774 ἀνατρέχειν
1604 725 1641 771 ²),

289 786 353 820 sed
380 786 489 820 etiam
522 789 634 820 totam
661 784 877 820 sententiam
890 783 917 830 ³)
944 788 1127 820 mutuatus
1154 789 1225 829 est,
1260 785 1295 820 id
1322 786 1416 829 quod
1447 796 1558 830 supra
1584 786 1644 820 de-

289 844 582 879 monstravimus.
640 843 832 879 Invenitur
866 843 975 878 etiam
1011 844 1047 878 in
1083 844 1194 878 Dem.
1223 854 1273 878 or.
1301 844 1429 878 XLIII
1456 845 1503 879 69
1537 848 1574 879 et
1606 843 1644 879 in

290 902 462 937 Pindar.
504 901 605 937 Nem.
642 901 677 936 X
705 901 748 935 61
787 904 823 936 et
867 901 904 936 in
940 901 1160 946 Aristoph.
1197 901 1353 946 Lysistr.
1382 902 1453 937 336
1491 901 1642 947 (schol.:

290 960 476 1007 Στελέχη
505 973 510 995 ;
540 959 669 1002 Ξύλα).

389 1018 514 1067 χλιδή
548 1019 731 1064 (luxuria).
784 1020 863 1054 Hoc
897 1019 1164 1054 substantivum
1192 1019 1386 1063 Libanius,
1419 1019 1481 1063 qui
1512 1020 1549 1054 id
1581 1020 1645 1054 ad-

290 1079 392 1114 hibet
426 1079 463 1113 in
490 1078 560 1114 vol.
589 1079 639 1114 IV
662 1079 741 1122 175,
762 1078 819 1122 24,
854 1077 944 1113 mihi
971 1078 1116 1114 videtur
1150 1081 1333 1114 mutuatus
1368 1088 1446 1114 esse
1481 1089 1525 1114 ex
1557 1078 1643 1114 Her.

293 1138 343 1172 VI
371 1138 452 1181 127,
485 1147 554 1180 quo
581 1137 660 1172 1000
693 1138 736 1172 de
764 1137 829 1172 illa
856 1137 1028 1181 Agariste
1055 1136 1252 1173 Clisthenis
1278 1136 1355 1173 filia
1380 1141 1566 1182 narratur,
1599 1138 1646 1173 ad

291 1207 396 1239 quam
432 1197 612 1231 rhetorem
648 1195 721 1230 alio
756 1196 836 1231 1000
871 1206 909 1230 se
943 1196 1083 1231 referre
1116 1195 1323 1241 vidimus4).
1376 1196 1434 1231 Ex
1468 1196 1646 1240 prosaicis

292 1255 531 1298 Xenophon
558 1254 640 1298 Cyr.
670 1254 720 1289 IV
748 1254 847 1297 5,17
876 1258 911 1288 et
936 1254 1063 1289 Plato
1091 1264 1205 1299 symp.
1233 1265 1266 1298 p.
1286 1255 1355 1289 197
1374 1254 1418 1298 D,
1447 1255 1509 1289 sed
1536 1254 1645 1290 etiam

293 1312 460 1356 tragici
489 1313 555 1347 1100
582 1312 849 1347 substantivum
877 1315 1063 1356 usurpant.

813 1427 849 1462 C.
885 1427 1128 1462 Adiectiva.

391 1493 766 1542 οἷναπαυστήριος,
791 1495 885 1540 quod
903 1495 1122 1530 adjectivum
1142 1496 1347 1530 Herodotus
1365 1497 1515 1539 praebet
1538 1496 1555 1531 I
1577 1496 1642 1531 181

292 1556 424 1593 (θῶκυι
452 1552 815 1600 ἀμπαυστήριοι),
850 1553 1027 1588 Libanius
1053 1553 1156 1588 illum
1185 1558 1328 1588 secutus
1354 1555 1503 1589 adhibet
1530 1555 1567 1589 in
1594 1565 1644 1590 or.

291 1612 348 1647 XI
374 1612 420 1647 33
454 1610 601 1652 (τόποις
627 1610 1045 1660 (ἱιάπαυσῖῃρίοις);
1081 1622 1163 1647 nam
1197 1622 1241 1648 ex
1267 1611 1332 1648 illo
1365 1612 1443 1648 1000
1470 1612 1646 1649 Herodoti

292 1671 479 1716 complura
514 1671 747 1715 deprompsit,
783 1675 823 1706 ut
857 1671 957 1706 infra
983 1672 1321 1707 demonstrabimus.
1375 1672 1482 1715 Apud
1508 1676 1647 1708 ceteros

292 1730 386 1765 hanc
413 1740 537 1765 vocem
564 1740 635 1764 non
662 1729 876 1765 invenimus.

393 1786 570 1828 ἄπεδος,
614 1790 708 1832 quod
734 1792 883 1831 uterque
911 1788 1001 1823 dicit
1027 1789 1070 1824 de
1105 1791 1214 1832 terra,
1251 1792 1372 1824 exstat
1405 1790 1501 1833 apud
1530 1790 1646 1825 Hero-

294 1847 417 1882 dotum
452 1847 469 1881 I
499 1847 584 1882 110:
620 1845 640 1894 ἡ
668 1846 707 1882 δὲ
741 1845 831 1893 ἄλλη
866 1844 1018 1894 ΙΙΙηδικὴ
1050 1844 1149 1894 χώρη
1183 1845 1259 1883 ἐστὶ
1287 1848 1389 1883 πᾶσα
1423 1845 1575 1889 ἄπεδος,
1610 1848 1648 1882 in

294 1915 364 1949 quo
384 1905 505 1949 capite
533 1909 659 1940 narrat
685 1906 727 1940 de
746 1905 840 1950 Cyro
868 1916 890 1940 a
910 1909 1056 1949 pastore
1075 1908 1220 1941 servato
1231 1905 1269 1950 ⁵).
1306 1906 1426 1951 Quare
1452 1906 1646 1942 Libanium

294 1964 333 1998 in
366 1974 416 1998 or.
446 1963 502 1998 XI
529 1964 591 2007 22,
620 1964 681 1998 ubi
709 1963 729 2010 ἡ
755 1962 891 2002 ἄπεδος
925 1964 1020 1998 idem
1053 1963 1240 2007 significat
1265 1967 1373 2007 atque
1407 1964 1545 2005 πεδίον,
1580 1965 1647 1999 1100

293 2021 515 2057 adieetivum
534 2021 817 2057 Halicarnasseo
845 2022 975 2056 debere
1002 2032 1140 2065 censeo,
1168 2022 1383 2065 praesertim
1410 2033 1488 2058 cum
1515 2023 1553 2058 in
1579 2023 1647 2058 hac

294 2080 459 2115 oratione
503 2080 684 2125 permulta
723 2080 903 2114 vocabula
939 2080 1147 2115 Herodotea
1189 2084 1390 2116 occurrant.
1453 2081 1647 2117 Praeterea

292 2139 429 2183 legitur
455 2139 555 2184 apud
573 2139 719 2183 Thucy
729 2139 761 2173 d.
782 2138 853 2174 VII
873 2139 929 2182 78,
943 2138 984 2172 4:
1012 2137 1216 2185 κατέβησαν
1233 2138 1270 2180 ἐς
1296 2140 1429 2188 χωρίον
1446 2137 1586 2177 ἄπεδον
1612 2144 1648 2175 et

293 2198 396 2233 Xen.
417 2208 497 2243 eyn.
525 2198 632 2242 10,9;
679 2198 742 2232 sed
781 2197 890 2231 etiam
925 2198 1021 2240 apud
1051 2198 1272 2241 posteriores
1309 2199 1409 2234 velut
1445 2199 1535 2234 Ael.
1560 2194 1645 2234 hist.

294 2256 401 2290 anim.
432 2257 489 2300 16,
513 2257 556 2290 12
583 2254 876 2300 deprehenditur.

396 2353 416 2390 ¹)
438 2353 515 2382 Vide
536 2362 604 2389 pag.
628 2354 674 2381 45.

394 2402 415 2437 ²)
439 2401 515 2431 Vide
536 2401 628 2430 infra.

393 2451 416 2488 ³)
438 2451 515 2480 Vide
535 2459 602 2488 pag.
625 2451 672 2479 39.

394 2500 416 2536 ⁴)
439 2500 515 2528 Vide
536 2509 605 2537 pag.
627 2500 674 2528 22.

394 2548 417 2583 ⁶)
439 2548 515 2577 Vide
535 2557 605 2585 pag.
626 2549 673 2577 32.
