1848 2929
873 205 920 240 43

228 320 397 365 Lycurgo
417 321 538 355 datum
555 322 678 357 rhetor
695 321 733 356 in
751 322 869 357 animo
888 323 1007 367 habet,
1034 334 1113 359 cum
1131 323 1291 367 loquitur
1317 323 1355 358 in
1373 334 1424 359 or.
1444 323 1461 358 Ι
1484 323 1567 358 131;

228 376 346 427 ἥσθην
375 377 557 422 εἰπόντος,
591 378 714 429 ὥσπερ
747 379 767 417 ὁ
793 382 1005 430 Λυκοῦργος
1039 381 1102 419 ἐπὶ
1127 385 1205 424 τοῖς
1238 381 1291 424 εἰς
1324 380 1435 418 αὐτόν
1467 380 1570 429 παρὰ

226 439 292 473 τοῦ
317 439 410 474 θεοῦ
436 441 472 474 et
497 438 535 473 in
558 449 612 483 ep.
627 440 694 474 721
723 441 769 475 ad
786 440 970 476 Nicoclem
987 441 1115 477 missa:
1143 440 1240 486 Ἐμοὶ
1267 441 1307 478 δὲ
1324 462 1371 466 —-
1389 441 1504 476 ταῦτα
1521 461 1569 466 -

226 496 346 543 μικρῷ
371 517 417 521 —
444 494 579 532 ἐλάττω
605 498 676 532 τῶν
701 496 754 538 εἰς
778 496 840 533 τὸν
865 497 1038 546 ὑμέτερον
1062 499 1263 547 νομοθέτην
1288 497 1361 536 ὑπὸ
1387 500 1453 535 τοῦ
1474 499 1569 535 θεοῦ

229 554 434 598 λεχθέντων
460 558 496 590 et
512 555 620 599 paulo
638 560 737 599 post:
765 555 899 595 ἐκεῖνος
924 551 967 591 οὗ
993 559 1054 592 νῦν
1080 556 1275 605 ἐμνήσθην,
1303 557 1322 593 ὁ
1340 557 1567 598 Λακωνικός,

227 632 272 638 -
301 612 474 659 τιμηθεὶς
505 610 668 657 imizo&
693 614 857 660 χρησμοῦ
882 614 955 650 κτλ.
1006 615 1055 649 Et
1080 626 1170 658 quae
1196 616 1400 651 Herodotus
1432 616 1471 651 in
1501 615 1566 651 illo

226 671 347 716 capite
380 671 501 716 pergit
531 681 700 707 narrare:
744 669 780 706 οἱ
809 670 875 715 μὲν
902 670 946 719 δή
979 686 1073 713 τινες
1103 672 1195 720 πρὸς
1227 672 1389 710 τούτοισι
1422 673 1566 719 λέγουσι

217 729 286 769 ,καὶ
312 728 477 777 φράσαι
502 727 618 776 αὐτῶ
642 727 716 777 τὴν
734 730 911 777 Πυθίην
936 728 1008 766 τὸν
1026 732 1098 766 νῦν
1114 734 1382 768 κατεστεῶτα
1407 731 1566 777 κόσμον

228 787 550 837 Σπαρτιητῃσι’
585 787 635 830 ῶς
666 787 699 826 δ’
725 786 832 824 αὐτοὶ
859 789 1147 835 Λακεδαιμόνιοι
1173 790 1326 837 λέγουσι,
1358 793 1568 839 Λυκοῦργον

229 869 274 873 --
308 846 351 883 ἐκ
376 846 550 895 Κρήτης
580 846 820 894 ἀγαγέσθαι
852 850 1002 890 ταῦτα,
1038 850 1083 884 ad
1113 850 1202 885 haec
1227 850 1401 886 Libanius
1435 850 1568 886 alludit

226 907 265 942 in
297 918 347 943 or.
375 907 497 944 LXIV
525 908 570 943 16
597 907 737 943 dicens:
774 905 902 942 οῦκοῦν
936 905 1161 953 ὁμολογεῖται
1194 908 1338 956 Κρῆτάς
1369 923 1406 945 τε
1440 909 1566 955 νόμοις

226 963 282 1001 ὅτι
326 965 532 1007 καλλίστοις
573 967 775 1013 κεχρῆσθαι
817 965 878 1000 καὶ
917 966 1293 1010 Λακεδαιμονίους
1335 968 1419 1003 εἴτε
1463 967 1566 1014 παρ’

226 1021 402 1060 ἐκείνων
419 1023 634 1070 λαβόντας
659 1024 748 1060 εἴτε
773 1024 843 1059 καὶ
869 1021 912 1059 ἐκ
932 1023 1115 1071 Δελφῶν
1142 1023 1257 1072 παρα
1281 1025 1355 1060 τοῦ
1373 1025 1564 1070 Πυθίου;

227 1084 350 1118 eadem
375 1084 499 1119 rhetor
524 1083 562 1118 in
588 1083 707 1119 animo
725 1083 845 1127 habet,
873 1094 952 1118 cum
975 1083 1014 1118 in
1039 1083 1232 1131 μονῳδίᾳ
1257 1083 1328 1119 ἐπὶ
1353 1083 1568 1130 Ἰουλιανῷ

226 1141 291 1187 (or.
310 1141 434 1187 XVII)
461 1142 480 1187 ἓ
509 1142 553 1176 27
582 1141 779 1177 exclamat:
816 1136 845 1175 ὦ
876 1139 982 1186 νόμοι
1013 1142 1163 1181 δικαίως
1194 1139 1237 1177 ἂν
1260 1140 1480 1183 Ἀπόλλωνος
1506 1141 1566 1178 δό-

227 1200 353 1244 ξαντες
378 1195 470 1236 εἶναι
496 1198 809 1245 καταπατούμενοι
822 1199 858 1246 ¹).
887 1221 933 1225 —
958 1200 1003 1236 In
1023 1200 1188 1243 sequenti
1206 1201 1324 1245 capite
1346 1201 1364 1236 I
1381 1202 1427 1236 66
1451 1202 1566 1237 Hero-

227 1259 331 1294 dotus
357 1262 483 1294 narrat
501 1258 810 1303 Lacedaemoniis,
837 1259 899 1302 qui
925 1259 968 1294 de
986 1259 1168 1294 Arcadum
1194 1258 1325 1294 finibus
1351 1259 1565 1303 occupandis

227 1316 434 1362 Apollinem
460 1316 736 1362 consuluissent,
762 1316 933 1363 Pythiam
959 1317 1206 1362 respondisse:

343 1374 536 1424 Ἀρκαδίην
560 1374 598 1420 μ’
623 1374 756 1417 αἰτεῖς·
783 1375 876 1422 μέγα
900 1375 938 1421 μ’
964 1375 1097 1416 αἰτεῖς·
1126 1374 1227 1412 οὗτοι
1253 1375 1357 1412 δώσω
1382 1378 1456 1413 κτλ.

230 1435 329 1481 Quae
357 1434 521 1471 imitatur
537 1434 716 1470 Libanius
742 1435 781 1470 in
807 1445 861 1480 ep.
879 1436 949 1471 725
975 1435 1022 1471 ad
1039 1435 1236 1471 Maximum
1261 1435 1417 1480 scriptae
1444 1435 1565 1471 initio:

227 1492 457 1542 Ἀρκαδίην
489 1507 534 1530 σε
565 1492 696 1529 αἰτῶν
721 1492 826 1539 μέγα
857 1493 975 1530 αἰτῶ.
1026 1492 1067 1530 τὸ
1094 1493 1134 1531 δὲ
1164 1492 1433 1541 α’κροτελεύτιον
1457 1507 1566 1539 μετα-

227 1553 311 1594 θεὶς
337 1551 419 1600 ἐρῶ,
446 1550 467 1588 ὅ
491 1566 532 1588 τι
560 1551 731 1596 δώσεις;
767 1552 862 1588 idem
888 1553 1072 1598 significat
1088 1553 1264 1589 Libanius
1290 1553 1328 1588 in
1354 1564 1406 1597 ep.
1422 1554 1493 1589 572
1519 1554 1563 1589 ad

226 1611 400 1648 Acacium
433 1611 562 1647 missa:
597 1610 671 1659 τὴν
700 1609 928 1659 Ἀρκαδίαν
959 1610 1164 1660 αἰτηθεὶς
1197 1610 1283 1659 παρ’
1308 1610 1413 1657 ἐμοῦ,
1446 1609 1497 1660 μὴ
1522 1610 1566 1647 ἂν

227 1669 354 1713 εἰπεῖν,
386 1669 506 1707 οὗτοι
534 1669 654 1707 δώσω
665 1670 708 1717 ²³);
744 1674 781 1706 et
806 1671 844 1706 in
871 1682 924 1715 ep.
945 1672 1015 1707 617
1043 1672 1090 1707 ad
1115 1671 1380 1716 Apollinarium
1410 1671 1564 1715 scripta:

225 1728 259 1765 εἰ
291 1728 332 1765 δὲ
363 1728 568 1777 Ἀρκαδία
602 1731 709 1765 τοῦτο
746 1731 806 1766 καὶ
839 1728 962 1776 μέγα,
1000 1729 1109 1778 μήτοι
1148 1728 1208 1766 τόν
1245 1728 1409 1777 δεύτερον
1447 1729 1566 1777 φύγῃς

225 1789 349 1824 πλοῦν.
401 1788 501 1834 Quae
535 1799 749 1833 quamquam
782 1789 1066 1833 proverbialiter
1099 1789 1171 1824 dici
1202 1789 1361 1826 videmus
1372 1787 1410 1835 3),
1445 1792 1566 1824 tamen

225 1848 409 1883 Herodoto
436 1847 559 1884 deberi
577 1848 739 1892 putanda
765 1851 858 1893 sunt,
886 1848 972 1892 quia
994 1848 1103 1884 etiam
1130 1859 1182 1893 ea,
1210 1858 1299 1892 quae
1325 1847 1362 1882 in
1379 1847 1565 1892 superiore

326 1965 345 2002 ¹)
362 1965 547 1994 Herodotum
562 1967 684 1994 secutus
698 1966 790 1994 etiam
805 1965 1027 1994 Plutarchus
1042 1965 1169 2003 Lycurg.
1180 1966 1197 1994 5
1212 1965 1246 1993 de
1261 1964 1312 1993 illo
1327 1964 1448 1993 oraculo
1460 1967 1568 1993 narrat

225 2013 314 2042 haec:
342 2013 461 2051 πρῶτον
480 2014 539 2052 μὲν
559 2011 752 2052 ἀπεδήμησεν
777 2014 853 2051 (scil.
877 2011 892 2043 ὁ
914 2012 1105 2052 Λυκοῦργος)
1127 2017 1167 2047 εἰς
1187 2011 1331 2050 Δελφούς.
1372 2015 1423 2041 καὶ
1443 2011 1482 2050 τῷ
1503 2012 1565 2050 θεῷ

225 2061 325 2096 θύσας
350 2065 401 2091 καὶ
426 2061 618 2102 χρησάμενος
645 2062 795 2100 ἐπανῆλθε
821 2062 874 2092 τὸν
895 2062 1053 2101 διαβόητον
1074 2065 1189 2093 ἐκεῖνον
1214 2060 1352 2100 χρησμὸν
1372 2064 1515 2100 κομίζων,
1543 2056 1566 2100 ᾧ

225 2111 353 2150 θεοφιλῆ
379 2113 438 2150 μὲν
459 2110 552 2141 αὖτὸν
572 2111 588 2149 ἠ
611 2116 718 2141 Πυθία
738 2116 883 2150 προσεῖπε
904 2115 954 2141 καὶ
974 2112 1065 2142 θεὸν
1084 2112 1222 2151 μᾶλλον
1243 2108 1260 2148 ἦ
1280 2107 1454 2148 ἄνθρωπον,
1478 2110 1566 2140 εὔνο-

225 2164 298 2199 μίας
325 2161 358 2191 δὲ
385 2159 528 2200 χρῄζοντι
549 2159 665 2191 διδόναι
694 2163 744 2190 καὶ
770 2164 923 2191 καταινεῖν
943 2162 1002 2200 ἔφη
1022 2159 1075 2192 τὸν
1095 2159 1178 2197 θεόν,
1201 2157 1216 2197 ἣ
1237 2157 1313 2189 πολι)
1341 2163 1479 2198 κρατίστη
1507 2159 1568 2190 τῶν

225 2206 322 2240 ἄλλων
343 2211 425 2240 ἔσται
446 2210 613 2240 πολιτειῶν.

325 2259 346 2297 ²)
363 2259 447 2295 Quod
462 2259 559 2288 Wolf
564 2260 622 2289 ius
636 2260 674 2289 ad
688 2259 768 2289 hunc
781 2260 880 2289 locum
894 2260 1037 2290 adnotat:
1052 2260 1145 2297 ,sorte
1159 2257 1309 2296 leqemium
1323 2255 1388 2288 οὔτι
1403 2257 1506 2295 δώσως
1526 2259 1569 2289 sic

225 2308 303 2338 enim
324 2309 480 2339 oraculum
500 2308 580 2339 illud
600 2309 684 2346 apud
696 2309 883 2340 Herodotum
903 2310 952 2340 lib.
969 2310 991 2339 Ι
1006 2310 1108 2339 habet:
1130 2326 1163 2329 —
1179 2325 1207 2328 —
1227 2306 1300 2337 οὐδέ
1319 2320 1346 2337 τι.
1369 2306 1484 2345 δώσω“,
1512 2308 1570 2339 hoc

225 2357 297 2386 mihi
325 2367 385 2388 non
406 2359 567 2396 probatur;
596 2368 667 2388 nam
687 2359 834 2389 Herodoti
855 2359 972 2389 codices
1000 2368 1032 2389 re
1052 2368 1123 2388 vera
1149 2357 1294 2394 praebent
1315 2354 1408 2393 οὗτοι,
1437 2359 1517 2394 quod
1539 2364 1570 2389 et

224 2405 279 2435 hoc
301 2407 420 2437 Libanii
446 2408 510 2437 loco
540 2411 640 2437 ratum
667 2408 703 2438 fit
729 2411 760 2438 et
781 2409 880 2438 verbis
909 2409 1058 2444 Suidae,
1086 2408 1135 2443 qui
1161 2406 1246 2435 illum
1268 2415 1389 2436 versum
1411 2409 1511 2437 citans
1540 2412 1570 2438 et

225 2456 288 2492 ipse
309 2452 393 2486 οὔτοι
415 2456 543 2487 exhibet.

323 2504 345 2542 ⁸)
357 2506 434 2536 Vide
445 2506 665 2544 Stephan.Byz.
678 2516 729 2539 ΒΝ,
746 2511 848 2546 Τεγέα.
864 2507 1004 2538 Eustath.
1015 2506 1052 2536 ad
1060 2506 1144 2535 Hom.
1156 2505 1243 2534 Iliad.
1256 2506 1314 2536 vol.
1324 2506 1340 2535 I
1351 2507 1495 2545 p.244,41
1507 2517 1569 2544 sqq.
