1848 2929
234 865 336 920 Non
356 885 459 920 modo
477 884 611 920 nostris
629 885 860 929 temporibus,
888 885 950 920 sed
977 885 1048 920 iam
1075 885 1171 929 apud
1188 888 1330 921 veteres
1352 885 1487 920 Hero—

146 943 269 978 dotus
303 953 435 987 magna
471 942 611 978 fructus
648 946 703 978 est
736 943 953 978 auctoritate
966 943 1002 988 ¹).
1055 943 1163 979 Velut
1195 943 1486 988 Thucydides,

145 1001 205 1044 qui
232 1001 505 1037 Halicarnassei
531 1001 716 1037 Historias
742 1001 848 1037 libris
875 1002 918 1036 de
945 1001 1038 1036 bello
1057 1001 1365 1045 Peloponnesiaco
1392 1012 1488 1037 com-

144 1060 243 1104 plere
275 1060 427 1105 studuit,
468 1060 632 1103 quamvis
666 1062 711 1095 ab
747 1071 787 1095 eo
823 1063 859 1095 et
891 1060 1030 1104 ingenii
1065 1060 1185 1095 indole
1219 1063 1255 1095 et
1287 1060 1487 1096 elocutione

145 1119 268 1164 distet,
308 1122 428 1155 tamen
466 1119 525 1155 hic
563 1118 642 1155 illic
681 1129 759 1154 eum
797 1121 941 1154 secutus
978 1121 1033 1154 est
1043 1117 1070 1163 2)
1109 1121 1172 1154 aut
1211 1118 1358 1164 dignum
1396 1119 1490 1155 iudi-

144 1179 257 1223 cavit,
297 1178 356 1213 cui
388 1181 482 1213 tecte
516 1178 779 1221 obloqueretur.
831 1178 1068 1221 Xenophon
1103 1178 1142 1213 in
1176 1178 1338 1214 Anabasi
1374 1179 1490 1214 Hero-

145 1237 219 1271 doti
263 1236 499 1272 elocutionem
545 1235 797 1271 aemulabatur
839 1235 995 1270 dialecto
1040 1235 1183 1279 quidem
1224 1246 1310 1286 usus
1353 1236 1488 1272 Attica.

144 1295 411 1330 Aristoteles
443 1294 482 1329 in
508 1294 657 1338 scriptis
684 1294 730 1329 ad
756 1294 947 1329 historiam
980 1297 1015 1329 et
1041 1295 1087 1329 ad
1113 1297 1280 1330 naturam
1306 1294 1489 1339 pertinen-

143 1353 241 1388 tibus
268 1364 312 1388 ex
330 1353 612 1388 Halicarnasseo
638 1352 818 1396 permulta
835 1352 978 1389 libavit.
998 1374 1043 1378 —
1070 1353 1266 1396 Postquam
1293 1353 1490 1397 scriptores

144 1411 293 1447 dialecti
329 1421 435 1455 quam
470 1414 604 1447 vocant
641 1409 763 1458 κοινὴν
796 1411 1019 1447 Herodotum
1058 1422 1205 1455 prorsus
1240 1412 1488 1457 neglexerunt,

142 1469 381 1515 Dionysius
428 1469 842 1505 Halicarnassensis
893 1469 931 1505 in
982 1470 1140 1514 epistula
1191 1471 1237 1505 ad
1279 1470 1489 1515 Pompeium

143 1528 332 1565 Geminum
366 1528 504 1573 scripta
537 1529 630 1574 (cap.
651 1528 687 1575 3)
727 1539 805 1564 eum
838 1528 950 1564 multo
985 1529 1100 1573 pluris
1138 1529 1348 1566 aestimavit
1382 1540 1488 1573 quam

142 1587 398 1633 Thucydidem.
427 1587 503 1622 Alii
521 1587 698 1623 Herodoti
717 1587 871 1622 dialecto
899 1590 1006 1631 atque
1033 1587 1235 1623 elocutione
1261 1587 1300 1623 in
1322 1588 1488 1624 historiis

141 1645 342 1682 scribendis
378 1645 435 1682 usi
468 1649 562 1691 sunt,
597 1645 697 1682 velut
732 1644 978 1693 Cephalio-⁹²)
1015 1646 1054 1681 in
1079 1646 1195 1682 variis
1231 1646 1396 1683 historiis
1430 1647 1489 1684 vel

141 1705 391 1752 Arrianus4)
424 1705 463 1741 in
496 1705 622 1741 Indica
655 1705 714 1742 vel
747 1705 966 1741 Lucianus
999 1705 1038 1741 in
1070 1705 1195 1742 libello
1231 1707 1319 1754 περὶ
1352 1705 1488 1754 Συρίης

141 1766 235 1800 θεοῦ
259 1765 319 1801 vel
344 1764 757 1800 Pseudo-Lucianus
783 1764 821 1799 in
846 1764 1110 1808 scriptiuncula
1135 1766 1222 1812 περὶ
1248 1763 1488 1812 ἀστρολογίης

142 1823 201 1860 vel
235 1827 361 1860 auctor
394 1823 513 1860 vitae
545 1821 758 1869 Homeri5)
792 1822 852 1859 vel
885 1822 1100 1859 Eusebius
1143 1823 1181 1859 in
1222 1823 1426 1868 fragmento
1465 1835 1488 1859 a

141 1883 336 1919 Weschero
368 1883 406 1918 in
436 1882 552 1918 lucem
577 1884 761 1926 protracto
773 1880 811 1928 ⁶).
863 1881 941 1917 Alii
973 1892 1136 1918 sermone
1163 1882 1286 1918 Attico
1317 1882 1374 1918 usi
1406 1893 1487 1919 ora-

242 1999 262 2037 ¹)
291 1999 336 2028 De
364 1998 513 2028 Herodoti
541 1998 620 2035 apud
647 2000 764 2028 veteres
793 1999 980 2028 auctoritate
1011 1998 1069 2028 vid.
1092 1997 1400 2036 Christ-Schmid,
1429 1998 1486 2028 Ge-

140 2048 274 2077 schichte
295 2048 347 2077 der
367 2047 572 2086 griechischen
593 2048 758 2084 Literatur,
778 2056 847 2084 pag.
862 2047 921 2077 448
929 2056 971 2084 sq.

239 2097 261 2134 ²)
282 2097 324 2126 Ut
345 2097 478 2133 exemplo
498 2099 578 2133 utar,
599 2105 676 2133 quae
696 2097 728 2125 in
749 2096 882 2133 Thucyd.
905 2096 920 2125 I
942 2096 1056 2126 16-18
1077 2099 1252 2133 narrantur,
1273 2105 1308 2125 ex
1330 2096 1484 2126 Herodoto

139 2145 262 2175 fluxisse
289 2144 362 2174 mihi
387 2145 536 2174 videntur.
579 2145 662 2175 Conf.
684 2146 776 2174 etiam
806 2144 973 2181 Lemeke,
1003 2145 1066 2173 Hat
1092 2144 1282 2181 Thucydides
1309 2145 1363 2174 das
1390 2145 1486 2174 Werk

140 2194 191 2224 des
212 2194 348 2224 Herodot
368 2194 527 2232 gekannt?
567 2193 781 2231 Herbstprogr.
804 2193 830 2223 d.
847 2194 953 2230 Gymn.
976 2202 1014 2223 zu
1034 2193 1149 2223 Stettin
1172 2193 1256 2224 1873.

236 2243 259 2280 ⁸)
280 2244 401 2281 Fragm.
416 2243 485 2273 hist.
502 2243 606 2272 Graec.
629 2243 673 2272 ed.
695 2243 726 2272 C.
738 2243 770 2272 F.
783 2242 909 2271 Mueller
930 2242 986 2273 vol.
1002 2242 1050 2271 III
1070 2251 1139 2279 pag.
1156 2243 1214 2271 626
1226 2251 1288 2279 sqq.

238 2292 260 2329 ⁴)
282 2291 368 2321 Conf.
389 2291 425 2321 R.
441 2291 692 2328 Grundmann,
720 2290 797 2326 Quid
818 2292 850 2319 in
871 2291 1039 2320 elocutione
1060 2292 1184 2319 Arriani
1204 2291 1358 2321 Herodoto
1381 2292 1487 2322 debea-

131 2342 199 2378 tur,
221 2340 291 2371 diss.
314 2341 405 2379 Lips.,
426 2340 523 2372 Berol.
540 2340 624 2370 1884.

237 2390 260 2427 ι5)
281 2390 363 2420 Conf.
385 2390 409 2420 Ι.
425 2390 604 2427 Schmidt,
624 2390 670 2420 De
684 2389 856 2419 Herodotea
869 2398 946 2426 quae
966 2389 1066 2419 fertur
1082 2390 1148 2419 vita
1162 2390 1296 2428 Homeri,
1317 2391 1387 2422 Hal.
1401 2392 1487 2421 1875.

237 2439 260 2476 ⁶)
282 2438 469 2477 Wescher‚
491 2439 711 2475 Poliorcetique
733 2438 784 2468 des
804 2438 904 2476 Grecs,
926 2438 1023 2468 Paris.
1041 2439 1126 2476 1867,
1148 2448 1217 2477 pag.
1232 2440 1291 2469 343
1300 2448 1361 2477 sqq.

197 2516 228 2540 W
235 2522 249 2540 e
256 2523 270 2540 r
276 2522 294 2540 n
300 2522 315 2540 e
321 2523 335 2540 r
342 2536 348 2546 ,
370 2517 408 2541 De
424 2517 534 2541 Libanii
550 2516 647 2541 studiis
663 2516 824 2541 Herodoteis
1353 2510 1368 2538 1
