1848 2929
827 216 869 251 11

275 334 306 368 2.
341 334 419 369 Iam
442 345 591 379 agamus
618 335 660 370 de
679 334 1002 370 declamationibus
1031 333 1221 380 Νεοκλῆς
1247 335 1283 367 et
1310 334 1519 377 Θεμιστο-

175 391 323 440 alays-1).
375 393 418 428 In
452 393 540 429 decl.
568 394 623 429 IX
652 394 696 429 16
729 393 907 430 Libanius
933 393 1103 429 Neoclem
1139 391 1231 428 facit
1256 391 1519 436 disputantem:

178 453 334 498 Θηβαῖοι
369 450 409 488 δὲ
440 452 590 492 δικαίως
622 450 665 488 ἂν
698 450 784 497 μεθ’
813 451 916 497 ὑμῶν
949 451 1192 496 πολεμοῦντες
1230 448 1361 486 ε”δοσαν
1387 447 1521 490 αὐτοῦς

178 510 230 556 τῷ
255 508 374 557 Μήδῳ
400 510 461 545 καὶ
487 509 812 559 συνεπεστράτευον
838 532 884 536 ——-
911 510 1080 555 et'paulo
1099 513 1199 554 post:
1235 507 1345 545 πάλιν
1372 506 1520 556 ἥκοντος

177 567 214 603 ἐκ
241 568 398 616 Δελφῶν
428 569 495 604 τοῦ
524 569 670 614 ξυλίνου
700 568 841 613 τείχους
872 569 932 605 καὶ
963 569 1029 605 σοῦ
1060 567 1122 604 τόν
1147 570 1230 604 νοῦν
1255 566 1423 616 εὑρόντος
1448 566 1520 602 τῶν

176 627 304 672 λογίων
328 627 389 662 καὶ
414 625 481 666 τᾶς
506 626 666 675 τριήρεις
699 626 735 663 ἐν
760 629 811 673 τῷ
836 627 947 671 τείχει
973 625 1088 672 τούτῳ
1117 627 1323 673 δηλοῦσθαι
1354 625 1519 671 λέγοντος

175 685 236 720 καὶ
272 686 537 733 παραινοῦντος
573 685 750 722 ἐκλείπειν
784 684 848 734 τὴν
880 684 988 722 πόλιν
1024 681 1113 733 ἦσαν
1149 687 1189 720 οἳ
1219 683 1269 733 μη
1304 682 1519 731 βουλόμενοι

175 745 282 779 τοῦτο
315 744 375 779 καὶ
401 744 687 789 καταμείναντες,
722 743 772 785 ὥς
798 743 843 793 δὴ
867 746 932 793 τῆς
957 740 1187 793 ἀκροπόλεως
1221 743 1344 788 ξύλοις
1368 757 1518 787 τετειχι-

178 801 320 850 σμένης,
347 801 539 840 οἷπώλοντο
564 805 680 845 κακῶς
706 802 741 840 οἱ
766 803 816 852 μὴ
842 803 1094 851 βουληθέντες.
1130 804 1207 849 Quo
1233 804 1312 839 loco
1340 807 1376 839 et
1402 804 1518 839 Hero—

176 863 297 897 dotum
325 865 360 897 et
379 863 514 898 fontem
532 863 719 899 Plutarchi
746 866 781 898 et
799 863 958 899 Cornelii
974 863 1127 907 Nepotis
1153 863 1277 898 rhetor
1299 862 1400 905 sequi
1418 862 1518 898 vide—

175 923 248 965 tur;
276 931 358 956 nam
385 922 478 965 quod
502 921 655 958 Neocles
680 921 858 966 loquitur:
896 923 1054 969 Θηβαῖοι
1079 942 1125 946 —-
1153 918 1282 958 ἔδοσαν
1308 918 1442 962 αὐτοὺς
1466 922 1518 966 τῷ

177 977 310 1026 Μήδῳ,
343 980 411 1015 hoc
435 980 619 1016 Herodoto
652 981 812 1024 debetur,
848 980 910 1023 qui
937 980 1026 1015 dicit
1051 980 1123 1016 VII
1151 980 1236 1015 132:
1271 980 1343 1014 τῶν
1373 978 1414 1016 δὲ
1440 977 1519 1015 δόν-

175 1051 247 1073 των
272 1039 387 1073 ταῦτα
419 1038 511 1085 (scil.
541 1039 605 1086 γῆν
630 1051 670 1074 τε
695 1038 754 1074 καὶ
778 1036 895 1087 ὕδωρ)
927 1037 1085 1084 ἐγένοντο
1118 1036 1195 1074 οἵδε
1221 1059 1266 1063 -
1285 1058 1332 1063 —-
1360 1040 1518 1085 Θηβαῖοι

173 1097 233 1132 καὶ
266 1109 301 1131 οι
327 1095 430 1133 ἄλλοι
456 1097 613 1133 Βοιωτοὶ
646 1097 738 1139 κτλ.,·
772 1098 962 1133 Thebanos
997 1100 1032 1132 et
1058 1100 1197 1132 ceteros
1223 1097 1394 1132 Boeotios
1430 1097 1518 1132 Per-

175 1166 296 1190 sarum
322 1158 446 1199 partes
472 1158 614 1191 secutos
641 1166 720 1191 esse
745 1156 860 1191 tradit
886 1156 996 1191 etiam
1020 1155 1093 1192 VII
1120 1154 1272 1190 233.οι
1298 1154 1338 1190 δὲ
1365 1158 1520 1202 Θηβαῖοι

179 1234 225 1238 -
258 1211 419 1259 λέγοντες
448 1212 509 1250 τόν
538 1212 789 1262 ἀληθέστατον
819 1215 891 1249 τῶν
922 1213 1036 1260 λόγων
1062 1212 1111 1254 ὠς
1143 1214 1203 1249 καὶ
1233 1210 1426 1261 μηδίζουσι
1459 1214 1520 1249 καὶ

179 1273 242 1320 γῆν
284 1286 323 1309 τε
364 1285 425 1309 και
460 1271 560 1321 ὕδωρ
605 1286 642 1309 εν
684 1271 865 1321 πρώτοισι
905 1271 1035 1309 ἔδοσαν
1072 1271 1219 1320 βασιλέϊ
1261 1276 1297 1308 et
1340 1273 1428 1310 VIII
1454 1273 1518 1308 34:

180 1333 351 1367 Βοιωτων
377 1332 417 1369 δὲ
442 1334 515 1368 πᾶν
540 1331 581 1369 τὸ
607 1333 753 1380 πλῆθος
778 1331 935 1381 ἐμήδιζε.
979 1333 1049 1369 Sed
1074 1334 1187 1369 verba
1209 1343 1301 1376 quae
1326 1335 1522 1376 sequuntur

178 1391 274 1435 apud
300 1388 512 1427 LibaniUm:
548 1390 660 1427 πάλιν
691 1389 836 1440 ἥκοντος
862 1391 900 1427 ἐκ
927 1391 1082 1440 Δελφῶν
1107 1391 1174 1427 τοῦ
1204 1390 1350 1436 ξυλίνου
1380 1390 1522 1434 τείχους

178 1449 239 1485 καὶ
272 1451 338 1486 σοῦ
367 1448 429 1487 τόν
454 1451 537 1487 νοῦν
562 1449 732 1499 εὑρόντος
764 1453 836 1487 τῶν
860 1450 991 1498 λογίων
1021 1452 1083 1488 καὶ
1115 1449 1180 1492 τὰς
1212 1448 1375 1499 τριήρεις
1408 1449 1446 1486 ἑν
1471 1452 1522 1497 τῷ

178 1508 289 1552 τείχει
325 1508 440 1555 τούτῳ
480 1510 684 1556 δηλοῦσθαι
721 1510 900 1556 λέγοντος,
940 1511 987 1546 ad
1022 1511 1243 1545 Herodotum
1279 1509 1412 1545 referri
1451 1521 1522 1545 non

177 1571 345 1612 possunt3
388 1567 471 1604 nam
506 1570 602 1613 apud
636 1579 715 1605 eum
747 1569 891 1605 moenia
928 1569 1052 1613 lignea
1085 1568 1265 1604 nominari
1304 1579 1416 1605 naves
1449 1568 1521 1604 iam

178 1626 244 1661 alii
270 1630 524 1671 cognoverant,
552 1628 810 1663 Themistocles
837 1631 955 1663 autem
982 1637 1046 1662 cur
1063 1627 1194 1671 Apollo
1221 1627 1439 1662 Salaminem
1466 1627 1522 1662 in-

178 1684 294 1720 sulam
311 1685 434 1721 verbis
461 1680 490 1721 ιὸ
514 1684 600 1733 θείη
627 1685 789 1731 Σαλαμὶς
815 1686 1084 1731 appellavisset,
1113 1685 1326 1730 explanavit
1343 1685 1415 1721 VII
1436 1686 1520 1722 143:

179 1745 425 1792 Θεμιστοκλῆς
450 1765 496 1770 --
515 1766 561 1769 —
587 1743 651 1780 οῦκ
676 1743 746 1793 ἔφη
773 1746 846 1789 πᾶν
873 1743 997 1792 ὀρθῶς
1022 1744 1107 1785 τοὺς
1132 1743 1404 1792 χρησμολόγους
1431 1757 1521 1790 συμ-

176 1801 379 1849 βάλλεσθαι
411 1802 521 1849 λέγων
550 1802 683 1846 τοιάδε,
716 1802 749 1839 εἰ
780 1802 817 1845 ἐς
842 1802 1059 1852 Ἀθηναίους
1090 1799 1165 1847 εἶχε
1189 1801 1231 1839 τὸ
1263 1802 1351 1845 ἔπος
1377 1802 1521 1851 εἰρημέ-

177 1876 238 1898 νον
264 1860 405 1906 ἐόντως,
432 1861 496 1899 οῦκ
521 1862 565 1899 ἂν
591 1861 685 1899 οὕτω
710 1878 774 1909 μιν
798 1866 916 1900 δοκεῖν
942 1862 1061 1911 ἠπίως
1087 1865 1304 1912 χρησθῆναι,
1331 1861 1423 1900 οἷλλά
1451 1858 1521 1901 ὦδε

178 1917 240 1963 „³52
271 1921 415 1965 σχετλίν
448 1922 636 1967 Σαλαμὶς66
677 1921 757 1958 ἀντὶ
789 1924 855 1957 τοῦ
897 1918 958 1964 „³52
984 1922 1071 1969 θείη
1103 1923 1301 1967 Σαλαμίς“,
1343 1923 1447 1970 εἴπερ
1483 1935 1521 1968 γε

177 1978 326 2025 ἔμελλον
353 1979 388 2015 οἱ
414 1980 597 2029 οἰκήτορες
627 1979 721 2029 ἄμφ’
748 1979 840 2029 αὐτῇ
870 1980 1114 2028 τελευτήσεινς
1147 1982 1216 2016 huc
1242 1981 1393 2025 accedit,
1426 1982 1521 2024 quod

176 2039 325 2074 Libanii
342 2041 455 2075 verba
480 2050 558 2074 cum
576 2040 770 2075 Plutarcho
780 2039 806 2085 Β)
833 2039 951 2083 magis
969 2043 1179 2083 congruunt,
1208 2039 1269 2082 qui
1289 2039 1379 2074 dicit
1396 2039 1518 2079 Them.

181 2097 243 2132 10:
270 2096 379 2142 λέγων
410 2097 501 2143 (soil.
534 2096 553 2133 ὁ
582 2097 842 2144 Θεμιστοκλῆς)
875 2097 988 2144 μηδὲν
1018 2094 1105 2131 ἄλλο
1137 2096 1343 2143 δηλοῦσθαι
1375 2094 1520 2140 ξύλινον

279 2196 298 2233 ¹)
321 2196 387 2225 Vid.
409 2196 550 2224 Foerst.
574 2195 637 2224 Lib.
658 2203 723 2231 opp.
745 2194 803 2225 vol.
819 2194 845 2223 V
867 2203 893 2231 p.
909 2195 967 2224 450
988 2194 1089 2224 adnot.
1106 2194 1136 2222 1:
1166 2194 1403 2231 „Argumentum
1423 2194 1522 2225 eodem

172 2245 260 2282 fonte
280 2244 429 2281 (Neanthe
451 2242 620 2279 Cyzicena?
643 2243 689 2273 vel
710 2242 902 2279 Idomeneo&
928 2243 1044 2279 nititur,
1072 2242 1112 2271 ad
1133 2250 1214 2278 quem
1244 2242 1400 2272 Cornelius
1421 2244 1522 2280 Nepos

180 2294 276 2323 Them.
293 2296 319 2329 1,
342 2293 523 2322 Plutarchus
547 2292 643 2321 Them.
659 2293 687 2329 2,
714 2292 854 2321 Valerius
874 2291 1030 2321 Maoeimus
1056 2291 1103 2319 VI
1121 2293 1139 2319 9
1161 2294 1216 2322 eaet.
1238 2294 1266 2329 2,
1288 2292 1438 2322 Aelianus
1459 2302 1522 2323 var.

177 2343 244 2372 hist.
267 2343 309 2372 II
327 2346 372 2378 12,
394 2343 452 2372 alii
471 2341 602 2372 redeunt.
634 2341 754 2370 Multas
774 2350 841 2371 vero
861 2350 907 2370 res
923 2341 1073 2370 Libanius
1095 2350 1131 2370 ew
1150 2341 1306 2371 Herodoto
1326 2344 1354 2371 et
1374 2342 1524 2372 Aristidis

180 2390 254 2429 ὑπὲρ
275 2391 334 2420 τῶν
354 2390 500 2429 τεττάρων
514 2380 654 2419 'oratione
673 2393 703 2425 (t.
724 2389 768 2418 II
778 2398 811 2425 p.
826 2391 885 2418 238
895 2398 956 2426 sqq.
978 2389 1021 2418 ed.
1036 2389 1197 2426 Dindorf.)
1218 2390 1352 2420 libavit“.

277 2441 299 2479 ²)
321 2441 434 2470 Eadem
456 2448 490 2469 ac
505 2438 687 2468 Plutarchus
707 2441 815 2468 narrat
835 2438 1032 2468 Cornelius
1054 2438 1175 2475 Nepos
1197 2439 1299 2470 Them.
1315 2440 1384 2477 2,7:
1410 2440 1523 2470 Themi-

177 2490 283 2518 stocles
292 2489 446 2525 persuasit
459 2488 618 2518 consilium
633 2497 693 2517 esse
700 2487 861 2524 Apollinis,
883 2491 917 2516 ut
929 2488 963 2516 in
976 2496 1067 2516 naves
1081 2496 1112 2516 se
1125 2496 1238 2525 suaque
1253 2489 1439 2525 conferrent:
1460 2498 1524 2518 eum

178 2538 255 2567 em'm
276 2547 295 2567 a
315 2538 369 2568 deo
389 2537 555 2576 siymficari
581 2545 719 2566 murum
741 2536 910 2574 ligneum.
945 2536 1032 2566 conf.
1055 2536 1229 2573 Polyaen.
1252 2540 1379 2575 strateg.
1401 2538 1417 2567 I
1436 2538 1483 2575 30,
1498 2538 1522 2567 1.
