1848 2929
905 209 952 244 24

254 339 341 374 σφιν
367 324 453 361 ἔωσι
481 326 775 373 πεπληρωμέναι.
822 327 870 361 Et
897 326 979 362 inde
1006 327 1099 370 quod
1130 326 1167 361 in
1195 327 1317 361 eodem
1345 326 1465 370 capite
1492 327 1608 362 Hero-

255 386 360 420 dotus
387 387 510 420 censet
529 385 700 429 Graecos,
729 385 761 420 si
788 386 834 421 ab
853 385 1137 421 Atheniensibus
1165 385 1300 421 deserti
1327 388 1458 429 essent,
1485 384 1608 420 Persis

254 443 354 479 nullo
382 444 486 480 modo
520 443 692 480 resistere
719 443 896 488 potuisse,
932 443 1110 489 explicari
1142 446 1277 488 potest,
1313 444 1407 487 quod
1430 443 1609 479 Libanius

255 502 379 547 pergit
413 502 534 538 dicere
565 503 724 538 Xerxem
759 504 804 538 ab
834 503 1116 539 Atheniensibus
1147 502 1283 539 victum
1320 513 1399 538 esse
1432 500 1468 543 (ὁ
1495 501 1535 539 δὲ
1561 496 1609 537 ὧν

257 560 466 608 κατέσκαψε
499 559 564 608 τὴν
597 560 714 603 πόλιν,
751 560 889 597 τούτων
925 559 1054 609 ἡττᾶτο
1093 563 1314 606 ναυμαχῶν).
1373 561 1465 597 Item
1498 562 1611 598 verba

254 620 462 663 sequentia:
508 618 674 665 οἰόμενος
708 620 746 657 δὲ
781 618 916 660 αὐτοῦς
949 618 1047 667 μάχῃ
1078 619 1144 665 μὲν
1175 618 1240 656 οὐκ
1275 618 1318 656 ἂν
1351 618 1487 656 ἁλῶναι
1522 618 1608 667 δεῦρ’

256 676 306 712 ἔτ’
332 675 376 713 ἂν
402 678 492 718 ἴσως
524 676 669 724 ἕτοιμος
705 673 745 726 ἦν
777 676 822 714 τὰ
847 677 914 724 μὲν
940 679 1086 720 δοῦναι,
1120 676 1164 715 τά
1196 677 1236 716 δὲ
1261 676 1463 716 ἀποδοῦναι
1503 676 1609 714 dno-

255 737 410 773 δοῦναι
442 736 519 782 μὲν
552 739 641 785 γῆν,
679 738 805 774 δοῦναι
839 737 879 773 δὲ
913 736 1080 786 χρήματα
1112 735 1286 786 οἶμύθητα
1318 738 1378 774 καὶ
1411 736 1453 773 τό
1486 736 1610 786 ἄρχειν

252 794 428 842 Ἑλλήνων
462 807 506 831 ex
540 797 726 832 Herodoto
761 797 939 841 originem
974 798 1123 840 ducunt,
1165 797 1227 840 qui
1260 800 1388 832 narrat
1420 797 1513 833 VIII
1541 796 1610 831 140

256 854 503 890 Alexandrum
522 854 704 901 Amyntae
730 855 846 891 filium
873 866 895 891 a
913 855 1103 891 Mardonio
1130 856 1177 891 ad
1195 855 1434 891 Athenienses
1460 855 1609 890 missum

256 923 346 956 esse,
379 916 418 948 ut
444 923 506 948 eos
532 914 580 948 ad
607 914 733 949 foedus
767 914 972 949 faciendum
1005 917 1263 957 commoveret3
1299 924 1382 948 nam
1408 913 1550 949 Xerxes
1576 913 1611 948 ei

255 972 495 1008 mandaverat
520 973 627 1008 haec:
656 971 888 1019 Ἀθηναίοισι
915 970 980 1013 τάς
1005 970 1220 1020 ἁμαρτάδας
1245 970 1310 1012 τοὶς
1337 971 1376 1015 ἐξ
1403 970 1547 1008 ἐκείνων
1573 970 1610 1012 ἐς

256 1028 321 1072 ἐμὲ
360 1029 550 1075 γενομένας
586 1029 708 1071 πάσας
740 1031 909 1076 μετίημι·
953 1031 1014 1065 νῦν
1052 1044 1090 1066 τε
1130 1024 1210 1071 ὧδε,
1249 1029 1450 1077 Μαρδόνιε,
1490 1029 1608 1065 ποίει·

255 1088 363 1124 τοῦτο
388 1087 454 1134 μὲν
485 1087 558 1137 τὴν
585 1090 658 1137 γῆν
684 1101 788 1137 σφιν
813 1087 994 1131 ἀπόδος,
1025 1090 1133 1125 τοῦτο
1167 1088 1207 1125 δὲ
1233 1087 1344 1137 ἄλλην
1370 1086 1464 1137 πρὸς
1495 1087 1609 1137 ταύτῃ

256 1145 420 1184 ἑλέσθων
450 1147 575 1189 αὐτοί,
610 1147 652 1194 ἣν
683 1162 764 1184 τινα
797 1147 841 1183 ἄν
873 1147 1031 1184 ἐθέλωσι
1066 1147 1184 1188 ἐόντες
1218 1146 1433 1192 αὐτόνομοι·
1476 1146 1538 1195 ἱρά
1571 1162 1609 1183 τε

257 1203 378 1242 πάντα
416 1219 494 1256 σφι,
535 1206 576 1255 ἢν
613 1205 657 1255 δή
694 1205 897 1254 βούλωνταί
933 1219 971 1254 γε
1006 1206 1088 1253 ἐμοὶ
1125 1205 1342 1254 ὁμολογέειν,
1381 1205 1610 1256 ἀνόρθωσον,

256 1263 324 1302 ὅσα
347 1264 414 1311 ἐγώ
438 1265 637 1314 ἐνέπρησα;
670 1268 764 1310 quod
787 1267 851 1302 illo
870 1267 949 1303 loco
967 1267 1147 1303 Libanius
1166 1270 1420 1303 commemorat
1445 1266 1610 1314 χρήματα

257 1322 446 1372 ἀμύθητα,
482 1326 548 1361 hoc
581 1326 706 1361 rhetor
740 1325 819 1370 ipse
846 1326 991 1362 videtur
1016 1325 1174 1361 finxisse.
1227 1326 1318 1361 Tum
1344 1327 1457 1362 verba
1491 1324 1609 1373 φίλῳ

258 1383 512 1431 χρήσασθαι
538 1386 595 1430 τῷ
611 1383 756 1426 Ἀσίας
782 1383 971 1432 δεσπότῃ
998 1386 1044 1420 ad
1068 1396 1110 1420 ea
1128 1385 1322 1429 pertinent,
1350 1384 1480 1428 quibus
1498 1384 1610 1420 Alex-

258 1443 371 1478 ander
397 1443 598 1479 orationem
625 1444 705 1479 finit
731 1445 827 1488 apud
853 1444 1075 1479 Herodotum
1105 1443 1194 1478 VIII
1223 1443 1293 1479 140
1310 1448 1351 1489 fi:
1379 1443 1518 1479 πολλοῦ
1542 1441 1610 1491 γάρ

259 1499 347 1546 ὑμῖν
364 1499 450 1547 ἄξια
468 1503 594 1544 ταῦτα,
622 1501 656 1538 εἰ
686 1500 896 1548 βασιλεὺς
921 1515 964 1548 γε
990 1500 1012 1537 0‘
1037 1501 1169 1548 μέγας
1194 1500 1363 1547 μούνοισι
1389 1500 1477 1547 ὑμῖν
1493 1500 1612 1550 Ἑλλή-

258 1573 330 1594 νων
355 1558 421 1601 τὰς
451 1559 665 1609 ἁμαρτάδας
690 1560 818 1602 α’πιεὶς
852 1560 993 1596 ἐθέλει
1020 1560 1148 1608 φίλος
1173 1559 1395 1606 γενέσθαι.
1448 1561 1611 1596 Eandem

257 1619 358 1655 illam
402 1620 604 1657 Alexandri
655 1620 874 1666 legationem
926 1621 1050 1656 rhetor
1100 1620 1139 1656 in
1183 1621 1306 1656 eadem
1350 1620 1611 1656 declamatione

256 1679 408 1723 respicit
447 1680 559 1724 §662
603 1677 841 1726 Ἀλεξάνδρου
879 1681 944 1714 τοῦ
983 1678 1242 1726 κηρυκεύοντος
1276 1677 1394 1726 Ξέρξῃ
1434 1682 1470 1714 et
1503 1679 1610 1723 paulo

257 1741 340 1781 post
352 1736 377 1784 ¹)
413 1735 648 1786 Ἀλέξανδρος
681 1736 748 1783 μὲν
780 1736 914 1779 ἐκεῖνος
953 1735 1159 1786 ἐπιτήδειος
1190 1735 1239 1772 ὢν
1270 1739 1348 1778 τοῖς
1371 1735 1518 1785 Ἕλλησι
1551 1736 1612 1772 καὶ

257 1795 321 1843 τήν
348 1795 559 1842 ἐπωνυμίαν
587 1796 759 1834 ἐντεῦθεν
782 1795 956 1842 λαβιύν2);
985 1796 1192 1844 ἐπιτήδειον
1219 1807 1297 1832 eum
1317 1797 1469 1832 Graecis
1498 1796 1611 1831 fuisse

258 1856 354 1900 apud
378 1856 601 1892 Herodotum
628 1856 774 1901 saepius
801 1856 956 1901 legimus
977 1856 1077 1892 velut
1103 1856 1175 1892 VII
1196 1856 1279 1891 173:
1316 1854 1375 1891 καί
1402 1867 1491 1903 σφιν
1517 1854 1610 1902 (scil.

258 1917 376 1951 τοῖσι
395 1913 590 1964 Ἕλλησι)
617 1914 767 1957 εὔνοος
794 1914 965 1964 ἐφαίνετο
992 1913 1060 1951 ἐῶν
1087 1913 1105 1951 ὁ
1133 1914 1316 1951 Μακεδών
1343 1918 1378 1951 et
1405 1915 1495 1952 VIII
1525 1915 1611 1951 136:

259 1972 278 2008 ὁ
307 1973 523 2022 ΖΙῙαρδόνιος
549 1973 762 2019 πυθόμενος
788 1972 844 2010 ὅτι
876 1973 1110 2022 πρόξεινός
1135 1987 1179 2009 τε
1205 1975 1261 2021 εἴη
1287 1974 1357 2009 καὶ
1383 1972 1613 2021 εὐεργέτης

260 2032 352 2079 (scil.
380 2035 478 2069 τοῖσι
504 2031 754 2080 Ἀθηναίοισι)
787 2032 805 2068 ὁ
831 2031 1065 2080 Ἀλέξανδρος
1099 2036 1135 2068 et
1168 2033 1259 2069 VIII
1287 2033 1402 2078 14013,
1438 2043 1506 2076 quo
1533 2033 1611 2068 loco

259 2092 468 2128 Alexander
494 2092 573 2137 ipse
599 2092 706 2127 dicit:
751 2090 819 2138 ἐγώ
845 2091 885 2127 δὲ
911 2093 997 2139 περὶ
1029 2091 1095 2136 μὲν
1122 2090 1265 2139 εὐνοίης
1290 2093 1354 2139 τῆς
1379 2089 1473 2140 πρὸς
1498 2090 1613 2136 ὑμέας

260 2149 390 2198 ἐούσης
417 2149 455 2196 ἐξ
483 2149 570 2196 ἐμεῦ
596 2149 702 2187 οὐδὲν
727 2150 830 2194 λέξω,
858 2149 901 2186 οὐ
919 2148 986 2198 γάρ
1013 2148 1057 2185 ἂν
1083 2151 1143 2186 νῦν
1168 2151 1314 2199 πρῶτον
1340 2148 1550 2196 ἐκμάθοιτε,
1578 2153 1613 2186 et

259 2210 352 2248 VIII
382 2211 462 2256 143,
501 2221 569 2255 quo
597 2211 676 2247 loco
704 2210 944 2246 Athenienses
971 2210 1004 2245 ei
1030 2211 1288 2255 respondentes
1314 2210 1524 2254 loquuntur:
1569 2208 1613 2245 οὐ

258 2267 326 2317 γάρ
362 2282 399 2305 σε
438 2267 653 2316 βουλόμεθα
688 2266 797 2304 ου’δὲν
829 2265 941 2316 ἄχαρι
972 2267 1065 2317 πρὸς
1096 2266 1302 2317 Ἀθηναίων
1335 2271 1474 2304 παθεῖν
1508 2266 1613 2304 ἐόντα

360 2407 379 2443 ¹)
404 2407 466 2435 Hoc
488 2407 548 2435 iam
570 2406 713 2435 Reiskius
735 2407 765 2434 in
788 2406 920 2434 editione
943 2405 1095 2434 Herodoto
1116 2406 1234 2434 tribuit.

358 2455 380 2493 ²)
402 2455 488 2485 lions.
519 2455 694 2492 Harpocr.
726 2464 748 2485 S.
770 2464 796 2484 V.
822 2452 1079 2493 Ἀλέξανδρος-ς
1130 2472 1157 2476 —
1188 2472 1222 2476 —
1256 2449 1343 2487 οὗτός
1370 2456 1452 2483 ἐστιν
1487 2452 1502 2484 ὁ
1535 2456 1612 2483 ἐπι-

259 2503 490 2542 καλούμενος
512 2507 696 2541 φιλέλλην,
