1848 2929
851 217 897 250 47

205 329 371 371 πόλεως
404 330 446 366 ἐν
480 330 667 379 δράματι
705 333 910 380 θρηνοῦντα
942 330 1004 368 τὸν
1030 332 1144 379 δῆμον
1175 328 1322 374 ἔδειξεν.
1359 351 1401 354 -
1439 329 1551 364 Deni-

204 400 271 433 que
297 399 388 433 quae
420 390 589 436 leguntur
622 392 659 427 in
689 392 759 428 vol
778 392 831 428 VI
857 392 945 427 decl
970 391 1064 427 XIII
1092 391 1112 436 ἓ
1139 391 1201 426 26:
1238 388 1273 425 εἰ
1300 389 1366 435 μὲν
1396 389 1552 426 -κυθῶν

205 447 451 495 στρατόπεδον
503 445 563 496 ἦτε
609 451 668 485 καὶ
710 449 875 494 νομάδων
924 447 1133 496 βαρβάρων,
1183 453 1216 483 Τ
1219 460 1345 494 αυροι
1390 459 1486 486 τινες
1530 445 1551 493 ἢ

205 504 547 553 Μελάγχλαινοι
592 509 693 556 δίκην
735 509 878 556 ³¹19le
916 506 1110 557 φερόμενοι
1152 508 1212 544 καὶ
1256 504 1347 555 μήτε
1385 503 1551 552 θεσμους

204 563 461 611 ἀνθρωπίνους
494 566 630 606 εἰδότες
662 566 753 614 μήθ’
790 566 1026 612 ὁμονοοῦντες
1059 567 1104 613 τῇ
1136 565 1263 613 φύσει,
1299 565 1476 608 συζῶντες
1510 564 1551 601 δὲ

204 621 321 671 οἷγρίῳ
360 622 483 671 τρόπῳ
522 625 581 661 καὶ
614 624 724 672 βιαίῳ
760 647 806 651 ——
826 647 870 651 —
906 623 1100 673 ἐσώθησαν
1138 624 1203 670 μὲν
1243 623 1309 673 ἤδη
1348 625 1410 661 καὶ
1449 622 1550 672 παρὰ

204 683 358 720 Σκυθῶν
386 682 551 731 Ἕλληνες
584 683 679 730 ξένοι
712 685 773 720 καὶ
806 684 970 726 Σκύθαις
1002 685 1068 730 μὲν
1094 683 1220 725 αὐτοῖς
1252 684 1406 720 τοιαῦτα
1437 682 1548 731 ἐμαρ-

205 739 337 787 τύρουν
370 742 517 784 δεῖπνα,
555 741 659 778 αὐτοὶ
699 742 738 779 δὲ
770 741 973 790 Ἑλληνικὴν
1006 742 1211 790 παρέθεντο
1248 742 1309 777 καὶ
1344 740 1433 790 παρ’
1460 741 1550 777 ἐκεί-

205 812 282 841 νοις
326 799 521 849 τράπεζαν,
568 802 656 837 11666
698 805 733 837 et
773 802 855 847 ipsa
895 802 1078 838 Herodoto
1126 802 1310 837 debentur.
1375 802 1468 837 Nam
1505 802 1549 837 de

205 858 350 904 Scythis
390 870 468 895 cum
504 860 627 896 Persis
661 861 906 905 pugnantibus
941 871 1095 901 narrans
1130 860 1221 895 dicit
1256 861 1462 896 Herodotus
1497 861 1550 896 IV

207 917 295 952 102:
326 912 414 964 ἦσαν
440 917 480 954 δὲ
506 916 542 953 οἱ
568 917 802 959 συνελθόντες
826 916 992 964 βασιλέες
1023 916 1200 965 Ταύρων
1225 917 1285 953 καὶ
1311 916 1551 966 Ἀγαθύρσων

206 975 267 1012 καὶ
294 977 445 1024 Νευρῶν
471 977 530 1013 καὶ
555 975 807 1026 Ἀνδροφάγων
832 977 891 1013 καὶ
919 976 1262 1022 Μελαγχλαίνων
1287 977 1347 1012 καὶ
1375 977 1550 1013 Γελωνῶν

205 1035 266 1071 καὶ
292 1035 478 1071 Βουδίνων
502 1037 562 1072 καὶ
580 1035 853 1083 Σαυροματέων.
889 1035 989 1080 Quae
1015 1035 1129 1071 tradit
1155 1036 1198 1070 de
1226 1035 1315 1071 feris
1333 1035 1550 1081 Scytharum

206 1093 366 1129 moribus
384 1094 589 1129 Herodotus
607 1094 658 1130 IV
676 1094 858 1138 103-109,
887 1104 929 1128 ea
947 1093 1200 1138 significantur
1218 1104 1240 1129 a
1253 1093 1410 1129 Libanio
1428 1094 1551 1130 verbis

206 1151 309 1200 δίκην
334 1152 477 1200 θηρίων
503 1151 697 1200 φερόμενοι
729 1152 790 1188 καὶ
820 1151 911 1200 μήτε
938 1150 1100 1197 θεσμούς
1131 1150 1389 1200 ἀνθρωπίνους
1414 1151 1552 1194 εἰδότες

206 1208 300 1258 μήθ’
315 1209 551 1255 ὁμονοοῦντες
577 1212 621 1257 τῇ
645 1209 767 1258 φύσει,
795 1210 971 1257 συζῶντες
998 1209 1038 1246 δὲ
1063 1209 1175 1257 ἀγρίῳ
1194 1209 1320 1258 τρόπῳ
1346 1211 1405 1246 καὶ
1422 1211 1550 1257 βιαίῳ;

208 1272 244 1305 et
261 1279 352 1314 quae
369 1269 478 1314 paulo
496 1272 579 1314 post
603 1270 727 1306 rhetor
745 1269 835 1305 dicit
855 1267 1021 1311 Σκύθαις
1046 1268 1113 1315 μὲν
1139 1267 1264 1311 αὐτοῖς
1289 1271 1440 1306 τοιαῦτα
1459 1270 1551 1318 (scil.

208 1324 267 1364 οἷα
291 1331 369 1369 τοῖς
386 1327 667 1370 Ποτιδαιάταις)
687 1327 913 1376 ἐμαρτύρουν
939 1329 1069 1364 δεῖπνα
1087 1328 1179 1374 (scil.
1199 1327 1235 1363 οἱ
1243 1326 1437 1375 Ἕλληνες),
1463 1330 1553 1365 11666

207 1390 372 1431 spectant
405 1387 452 1423 ad
478 1398 521 1423 ea
553 1397 644 1431 quae
670 1387 974 1423 Halicarnasseus
1006 1387 1049 1423 de
1075 1386 1247 1433 Scythica
1279 1390 1386 1433 gente
1413 1387 1553 1424 Andro-

206 1446 404 1491 phagorum
440 1446 555 1482 tradit
589 1446 640 1482 IV
668 1446 754 1482 106:
794 1444 1083 1494 ἀνδροφαγέουσι
1118 1448 1248 1491 μοῦνοι
1283 1445 1422 1482 τούτων
1458 1447 1550 1493 (scil.

207 1506 278 1539 τῶν
303 1503 503 1548 Σκυθέων).

307 1563 425 1607 Atque
452 1563 541 1599 haec
567 1563 709 1608 quidem
736 1564 779 1599 de
805 1563 995 1600 sententiis
1022 1574 1067 1599 ex
1092 1563 1276 1600 Herodoto
1303 1563 1485 1600 delibatis.

646 1670 771 1718 caput
798 1670 858 1707 112
893 1670 950 1707 De
975 1671 1105 1707 rebus.

305 1740 409 1776 Nunc
428 1740 648 1784 disputemus
667 1741 710 1775 de
728 1742 846 1784 rebus,
874 1750 1024 1783 quarum
1041 1739 1219 1775 Libanius
1244 1740 1356 1775 multo
1375 1740 1550 1776 minorem

142 1803 144 1805 ’
206 1799 346 1843 copiam
373 1799 555 1834 Herodoto
588 1799 694 1834 debet
719 1809 825 1842 quam
852 1798 1129 1842 sententiarum;
1166 1809 1227 1834 eas
1253 1798 1396 1842 quidem
1427 1799 1549 1844 negle-

206 1867 332 1902 gamus
363 1857 401 1891 in
431 1857 500 1892 1166
525 1860 644 1901 parte,
681 1858 724 1892 de
750 1857 879 1901 quibus
906 1857 979 1892 iam
1012 1867 1123 1901 supra
1149 1857 1193 1892 de
1223 1857 1412 1892 sententiis
1439 1868 1550 1902 expo—

206 1918 330 1950 nentes
356 1914 415 1950 hic
441 1915 528 1959 illic,
556 1915 588 1950 si
615 1915 757 1950 occasio
784 1918 873 1960 erat,
901 1915 1079 1950 disserere
1106 1915 1222 1950 coacti
1248 1925 1379 1950 sumus.

304 1973 406 2020 Quod
431 1973 608 2010 Libanius
642 1974 681 2010 in
706 1974 777 2011 vol.
797 1974 849 2012 VI
876 1974 965 2011 decl.
992 1974 1088 2011 XIII
1119 1974 1139 2020 ξ
1166 1975 1212 2011 39
1246 1974 1451 2011 Corinthios
1484 1986 1549 2011 no-

206 2033 321 2068 minat
352 2031 393 2067 τὸ
426 2033 498 2067 τῶν
536 2034 750 2076 Βακχιαδῶν
787 2031 903 2078 γένος,
946 2033 1014 2068 1106
1052 2033 1205 2077 sumpsit
1242 2043 1286 2068 ex
1327 2033 1413 2068 Her.
1438 2034 1471 2070 V
1489 2034 1548 2078 92,

206 2101 275 2136 quo
301 2091 339 2127 in
365 2090 485 2137 capite
501 2091 789 2128 Bacchiadarum
814 2095 956 2138 gentem
982 2102 1058 2129 rem
1083 2092 1263 2138 publicam
1281 2091 1548 2129 Corinthiorum

205 2150 363 2186 tenuisse
388 2151 553 2195 legimus.

305 2208 348 2244 In
375 2219 425 2244 or.
444 2209 533 2245 LIX
552 2209 598 2245 70
623 2209 748 2246 rhetor
766 2209 873 2246 dicit:
901 2207 992 2258 ε”φης
1008 2207 1051 2246 ἂν
1073 2208 1215 2251 τούτοις
1231 2208 1367 2255 μᾶλλον
1392 2207 1549 2257 πρέπειν

206 2266 270 2315 τὴν
302 2269 384 2303 τῶν
417 2269 579 2313 χαλκῶν
612 2267 777 2317 ἀνδρῶν
810 2268 1056 2317 προσηγορίαν
1091 2267 1112 2316 ἢ
1141 2271 1219 2310 τοῖς
1251 2266 1339 2316 παρ’
1361 2266 1546 2316 ἸΙροδότῳ

208 2325 467 2373 στρατιώταις;
511 2328 569 2363 his
603 2328 725 2363 verbis
759 2329 806 2363 ad
839 2328 922 2363 illos
949 2328 1107 2364 Graecos
1142 2329 1291 2371 spectat,
1326 2336 1426 2370 quos,
1462 2337 1549 2371 quo-

206 2384 304 2420 niam
335 2385 481 2422 thorace
515 2386 645 2422 muniti
678 2390 813 2431 essent,
849 2388 894 2422 ab
921 2386 1115 2432 Aegyptiis
1141 2385 1239 2422 viros
1273 2388 1404 2421 aeneos
1435 2387 1550 2423 nomi-

206 2446 310 2479 natos
345 2454 422 2480 esse
448 2445 654 2481 Herodotus
687 2446 803 2481 tradit
840 2445 879 2480 II
900 2446 968 2481 152
987 2456 1054 2490 sq.:
1094 2444 1283 2492 πέμψαντι
1318 2443 1359 2480 δὲ
1385 2443 1421 2480 οἱ
1455 2445 1549 2493 (scil.

206 2503 257 2548 τῷ
287 2503 532 2551 Ψαμμητίχῳ)
559 2526 606 2529 -
633 2499 725 2552 ἦλθε
756 2502 916 2553 χρησμός
942 2503 992 2546 ὥς
1017 2505 1113 2544 τίσις
1144 2502 1219 2551 ἥξει
1252 2501 1328 2540 οἶπὸ
1358 2504 1552 2553 θαλάσσης
