1848 2929
918 217 965 252 76

264 332 442 381 ἐπίσημα)
481 334 548 370 hoc
584 334 801 370 adiectivum
840 335 883 370 de
920 334 1035 371 sacris
1072 334 1250 370 dedicatis
1288 333 1526 379 inscriptione
1561 333 1617 369 in-

264 393 414 428 structis
440 392 598 428 adhibet.

363 449 594 499 *λαμπρός
644 452 850 488 Herodotus
890 452 928 488 ΙΙ
954 452 1012 495 96,
1040 453 1062 488 2
1102 449 1159 500 (ἢν
1196 449 1248 500 μὴ
1286 448 1485 499 λαμπρὸς
1523 448 1617 487 ἄνε-

264 523 343 554 μος
369 509 494 557 ἐπέχῃ)
529 511 571 545 de
598 514 705 545 vento
732 511 936 546 vehementi
971 511 1077 555 dicit,
1113 511 1207 554 quod
1240 509 1420 545 Libanius
1452 509 1617 544 imitatus

266 571 321 604 est
347 568 385 603 in
412 579 462 603 or.
482 568 571 603 LIX
593 569 679 604 138:
715 569 913 616 λαμπραὶ
939 569 1199 615 καταιγίδες.
1251 568 1295 604 In
1320 571 1472 611 utroque
1498 566 1618 612 capite

266 627 309 662 de
343 627 580 672 navigatione
622 627 755 672 agitur.
829 627 884 664 Of.
921 627 1030 664 etiam
1075 638 1125 664 or.
1160 627 1289 665 XVIH
1316 626 1405 663 268:
1449 624 1619 673 αἰγίδος

265 706 311 711 -—
338 685 551 734 λαμπρᾶς.
604 686 828 732 Quamquam
861 697 947 723 usus
973 686 1148 723 adiectivi
1175 687 1268 722 idem
1302 689 1358 723 est
1388 686 1485 730 apud
1516 684 1617 721 Plu-

265 745 458 780 tarchum
485 745 608 781 Them.
631 746 676 781 14
713 750 749 782 et
784 745 1010 792 Polybium
1036 746 1054 781 I
1079 746 1137 790 44,
1154 746 1186 781 3.
1215 745 1273 791 60,
1292 746 1326 790 6,
1361 748 1482 781 tamen
1506 744 1618 780 Liba-

264 803 346 840 nius
372 804 461 839 mihi
486 804 633 841 videtur
665 805 712 840 ad
738 805 960 841 Herodotum
987 808 1154 849 spectare
1180 804 1244 840 illo
1270 804 1361 849 loco,
1389 803 1521 848 quippe
1548 813 1617 847 quo

265 862 452 906 complura
478 863 657 899 voeabula
682 864 891 899 Herodotea
915 864 1087 908 legantur
1098 862 1135 910 ¹).

363 919 586 966 πολέμιος.
639 922 719 957 Hoc
746 921 976 966 adiectivum,
1004 922 1098 965 quod
1124 921 1219 957 idem
1248 921 1325 957 fere
1351 919 1536 965 significat
1561 922 1616 955 at-

264 990 333 1024 que
371 980 469 1025 apud
504 980 657 1016 Latinos
695 981 845 1024 hostilis,
890 981 986 1025 apud
1019 981 1241 1016 Herodotum
1280 989 1455 1025 persaepe
1493 978 1617 1014 eadem

264 1038 411 1074 notione
446 1042 582 1083 exstat,
618 1050 688 1083 qua
720 1050 743 1074 a
774 1039 906 1075 ceteris
940 1039 1159 1074 adiectivum
1194 1035 1391 1083 πολεμικός
1417 1037 1616 1082 (militaris)

264 1100 462 1142 usurpatur
497 1101 532 1133 et
563 1097 601 1134 id
627 1097 770 1142 quidem
797 1098 835 1134 in
862 1097 1071 1134 accusativo
1098 1097 1253 1142 pluralis
1278 1096 1442 1133 neutrius
1473 1094 1617 1142 generis

265 1154 323 1202 (τὰ
352 1156 542 1200 πολέμια);
582 1157 683 1192 velut
708 1157 742 1193 V
760 1157 821 1192 78:
863 1152 952 1204 ἦσαν
977 1154 1028 1192 τὰ
1052 1155 1241 1201 πολέμια
1267 1154 1476 1200 ἀμείνους
1510 1155 1618 1199 (quod

266 1215 313 1251 ad
337 1226 394 1251 res
419 1215 590 1251 militares
617 1215 792 1259 attinebat,
821 1216 1014 1260 superiores
1040 1218 1152 1258 erant)
1179 1218 1215 1250 et
1243 1214 1313 1251 VII
1330 1214 1352 1249 9
1372 1226 1408 1260 y:
1441 1211 1617 1262 ἄριστοι

265 1271 315 1309 τὰ
340 1273 531 1319 πολέμια
563 1278 600 1309 et
626 1275 681 1310 IX
710 1275 797 1310 122:
838 1272 974 1322 ἄνδρας
1000 1271 1196 1320 ἀγαθοὺς
1221 1271 1272 1308 τὰ
1298 1272 1502 1318 πολέμια,
1529 1272 1616 1308 item

266 1332 285 1367 Ι
314 1333 393 1368 126.
421 1333 454 1369 V
475 1334 554 1368 111.
583 1333 655 1368 VII
675 1334 755 1368 111.
777 1333 857 1368 234.
878 1333 959 1368 238.
987 1332 1043 1367 IX
1061 1333 1108 1368 58
1136 1331 1250 1378 etc.²).
1295 1332 1400 1367 Hunc
1425 1341 1528 1367 usum
1554 1331 1617 1366 ad-

265 1391 393 1427 iectivi
419 1391 599 1428 Libanius
631 1403 681 1428 or.
709 1391 798 1427 LIX
824 1392 872 1427 60
898 1402 1000 1427 suum
1029 1391 1130 1436 facit,
1165 1402 1243 1427 cum
1271 1390 1377 1427 dicit:
1414 1391 1543 1437 δεινῷ
1567 1388 1618 1426 τοὶ

265 1448 465 1496 πολέμια.
518 1450 662 1487 Similia
694 1450 897 1487 invenimus
941 1451 1037 1495 apud
1075 1449 1383 1496 Thucydidem,
1421 1450 1484 1485 sed
1522 1449 1618 1494 apud

265 1511 360 1545 hunc
391 1509 623 1546 accusativus
656 1507 702 1545 τὰ
733 1509 894 1555 πολέμια
927 1511 973 1545 ab
1001 1520 1042 1545 eo
1069 1509 1267 1553 adiectivo‚
1303 1520 1349 1545 ex
1374 1519 1443 1552 quo
1474 1508 1616 1553 pendet,

266 1568 512 1613 compluribus
543 1568 666 1604 verbis
697 1571 905 1612 separatur,
940 1568 1041 1604 velut
1071 1568 1123 1604 IV
1152 1568 1232 1612 126,
1252 1568 1292 1603 3:
1331 1565 1519 1611 ἀγαθοῖς
1551 1565 1617 1613 γὰρ

267 1622 361 1664 εἶναι
388 1625 477 1672 ὑμῖν
503 1625 679 1676 προσήκει
705 1625 755 1664 τὰ
781 1625 970 1673 πολέμια
1004 1630 1040 1663 et
1065 1626 1118 1663 VI
1144 1627 1202 1672 80,
1224 1627 1262 1662 1:
1289 1625 1520 1675 κρείσσους
1545 1623 1618 1663 εἰσὶ

265 1685 307 1722 τὸ
333 1685 510 1735 παράπαν
539 1684 590 1721 τὰ
616 1685 817 1732 πολέμια.
869 1686 913 1722 In
944 1686 1071 1722 Thuc.
1099 1686 1117 1721 I
1145 1686 1255 1731 18‚3;
1291 1686 1387 1721 Luc.
1407 1685 1493 1721 dial.
1513 1688 1616 1721 mort.

268 1746 325 1791 12,
346 1746 386 1790 1;
422 1745 604 1791 Appian.
633 1745 727 1782 Ibe-r.
747 1746 794 1782 48
822 1745 1053 1782 accusativus
1078 1743 1123 1782 τὰ
1149 1743 1309 1791 πολέμια
1336 1755 1380 1781 ex
1406 1744 1480 1781 alio
1506 1745 1617 1781 verbo

266 1805 414 1849 pendet,
454 1815 526 1840 non
558 1815 603 1840 ex
636 1805 826 1841 adjectivo.
884 1805 928 1840 In
960 1805 1150 1848 Xenoph.
1178 1806 1284 1840 anab.
1317 1804 1336 1839 I
1362 1805 1395 1848 6,
1417 1805 1435 1839 1
1471 1803 1618 1839 dubium

268 1866 323 1899 est
348 1866 468 1898 utrum
495 1861 653 1908 πολέμια
679 1874 726 1898 an
752 1861 931 1909 πολεμικὰ
958 1863 1188 1899 scribendum
1214 1862 1273 1898 sit.

768 1981 812 2016 D.
845 1950 1117 2017 Adverbiu⁸m

364 2058 594 2103 ἀνέκαθεν,
630 2059 724 2104 quod
751 2062 788 2095 et
812 2059 909 2105 apud
934 2058 1193 2106 Aeschylum
1221 2058 1382 2106 (choeph.
1402 2059 1485 2105 421,
1512 2058 1617 2096 Eum.

267 2122 352 2166 347)
379 2124 415 2157 et
441 2121 538 2166 apud
563 2120 844 2156 Plutarchum
871 2119 989 2166 (Num.
1011 2119 1071 2166 13)
1098 2120 1141 2155 de
1164 2119 1242 2156 loco
1270 2119 1404 2156 dicitur
1430 2119 1617 2166 (desuper),

267 2181 514 2216 Herodotus
541 2183 582 2215 et
607 2178 821 2224 Polybius
847 2178 891 2213 de
909 2181 1068 2222 tempore
1087 2178 1260 2214 adhibent
1285 2179 1383 2223 (inde
1398 2178 1444 2214 ab
1464 2179 1619 2223 antiquis

266 2240 500 2287 temporibus),
537 2239 637 2275 velut
667 2238 756 2274 Her.
775 2237 891 2273 V65:
924 2235 1135 2276 α’νὲκαθεν
1167 2236 1320 2280 Πύλιοι,
1354 2237 1426 2275 VH
1452 2237 1538 2273 221:
1573 2237 1619 2273 τὰ

267 2298 480 2336 ἀνέκαθεν
512 2297 586 2335 ἀπὸ
621 2296 892 2341 Μελάμποδος;
928 2297 975 2332 cf.
1003 2297 1022 2331 I
1048 2297 1129 2333 170.
1157 2298 1189 2334 V
1207 2298 1264 2333 55.
1293 2296 1345 2333 VI
1367 2297 1425 2332 35.
1447 2296 1618 2332 125.128

369 2428 377 2443 ¹
442 2427 449 2433 ”
573 2450 578 2455 .
623 2427 647 2454 1.

367 2426 390 2512 ²}
411 2426 578 2512 {1133}ng
598 2426 691 2504 &tiam
718 2474 765 2503 III
780 2473 808 2510 4,
837 2473 888 2502 ubi
917 2481 1018 2503 omnes
1039 2473 1103 2503 fere
1125 2473 1241 2503 codices
1260 2473 1421 2510 praebent:
1449 2470 1485 2501 τά
1513 2474 1618 2501 πολε-

270 2523 358 2563 μικὰ
379 2521 512 2565 ἄλκιμος,
534 2533 602 2555 cum
617 2524 719 2555 codice
733 2523 869 2554 Romano
885 2523 935 2562 (R)
950 2522 1140 2554 scribendum
1161 2524 1224 2553 est:
1245 2520 1281 2552 τὰ
1303 2524 1465 2562 πολέμια
1486 2518 1617 2562 ἄλκιμος.
