1848 2929
844 231 889 266 14

187 359 299 392 opera
325 358 403 383 esse
430 352 566 391 partas.
597 368 641 372 —
669 348 797 392 Pergit
824 348 1019 383 Libanius:
1058 346 1232 395 ψήφισμα
1257 348 1462 392 μετοικίζον
1487 346 1541 387 εἷς

187 404 251 454 τὴν
280 404 467 448 θάλαιταν
493 404 557 453 τὴν
582 405 700 448 πόλιν,
728 417 820 450 quae
838 408 951 443 verba
977 407 1108 442 iterum
1135 417 1214 442 cum
1232 406 1429 442 Plutarcho
1457 417 1541 442 con-

187 465 339 501 veniunt
364 468 537 500 narrante
564 465 686 500 Them.
710 465 755 500 10
781 466 1022 501 Athenienses
1048 466 1137 500 urbe
1162 464 1294 500 relicta
1320 475 1431 501 naves
1458 476 1541 500 con-

188 524 359 559 scendere
383 523 627 567 constituisse,
656 534 724 567 quo
752 524 791 559 in
809 524 929 569 capite
954 523 1219 560 substantivum
1245 523 1337 559 illud
1366 522 1541 572 ψήφισμα

188 586 317 626 quater
342 582 488 626 legitur.
541 582 611 618 Sed
643 593 734 626 quae
770 583 860 618 dicit
886 583 1081 618 Libanius:
1117 581 1180 618 τὸν
1205 581 1427 627 νομισθέντα
1453 580 1542 617 θεὸν

187 642 239 687 τῷ
265 639 400 689 πλήθει
429 641 493 688 τῆς
517 639 715 686 δυνάμεως,
744 639 785 688 ἣν
808 636 880 689 ἦγε,
908 642 997 677 haec
1015 641 1093 677 sine
1112 641 1219 676 dubio
1238 641 1286 676 ad
1302 640 1388 676 Her.
1403 639 1477 677 VII
1494 640 1541 675 56

187 699 383 736 referenda
416 703 516 745 sunt,
551 700 613 736 ubi
644 700 937 745 Hellespontium
971 701 1149 744 quendam
1174 700 1309 736 Xerxis
1344 699 1540 736 exercitum

188 759 492 803 contemplantem
528 759 620 795 facit
654 760 934 795 exclamantem:
971 755 1024 801 ,αὖ
1049 760 1134 801 Ζεῦ,
1168 759 1205 794 τί
1237 757 1282 806 δή
1313 757 1421 806 οἷνδρὶ
1448 757 1541 795 εἰδό-

189 830 297 863 μενος
325 816 453 866 Πέρσῃ
487 817 546 854 καὶ
581 816 719 863 οὔνομα
753 816 836 854 οἷντὶ
865 817 956 858 Διός
983 817 1123 866 Ξέρξην
1154 817 1309 863 θέμενος
1340 815 1541 853 ἀνάστατον

187 875 252 924 τῆν
276 874 429 913 Ἑλλάδα
455 875 580 918 θέλεις
606 879 760 924 ποιῆσαι
802 875 897 923 ἄγων
931 875 1072 918 πάντας
1103 875 1347 924 ἀνθρώποις·
1385 876 1445 911 καὶ
1475 873 1541 923 γὰρ

187 933 274 970 ἄνευ
300 934 437 971 τούτων
463 934 546 983 ἐξῆν
571 948 629 971 τοι
655 935 795 972 ποιέειν
818 937 968 972 ταῦτα“.
1019 936 1133 971 Porro
1160 937 1291 971 verba:
1318 933 1379 970 τὸν
1405 932 1542 970 οἷναλιό-

189 1007 301 1031 σαντα
335 992 554 1040 πινομένους
589 993 779 1040 ποταμούς
819 995 930 1031 facile
969 994 1232 1040 intelleguntur
1270 1005 1314 1030 ex
1354 1005 1406 1039 eo,
1447 993 1541 1037 quod

188 1053 387 1089 exercitum
425 1054 618 1089 Persarum
659 1057 786 1089 contra
828 1054 989 1090 Graecos
1028 1053 1316 1098 proficiscentem
1355 1052 1542 1088 fluminum

189 1123 303 1157 aquas
324 1112 503 1149 defecisse
529 1113 736 1149 Herodotus
763 1116 908 1158 narrat3
929 1112 1029 1149 velut
1048 1112 1120 1150 VII
1140 1113 1203 1148 21:
1231 1114 1330 1148 κοῖον
1356 1110 1396 1149 δὲ
1422 1109 1542 1148 πινό-

188 1170 315 1216 μενόν
347 1185 410 1215 μιν
443 1169 558 1218 ὕδωρ
593 1170 657 1206 οὐκ
689 1171 887 1213 ἐπέλιπε,
923 1170 1018 1218 πλὴν
1050 1172 1122 1206 τῶν
1152 1169 1315 1216 μεγάλων
1346 1171 1542 1214 ποταμῶνς

189 1233 226 1266 et
260 1229 331 1266 VII
349 1230 414 1265 43:
458 1227 684 1275 ἀπικομένου
719 1229 758 1267 δὲ
791 1230 859 1266 τοῦ
893 1230 1051 1278 στρατοῦ
1084 1228 1146 1265 ε’πὶ
1182 1227 1348 1275 ποταμὸν
1378 1226 1541 1274 Σκάμαν-

189 1290 288 1335 δρον,
322 1286 362 1329 ὃς
393 1290 539 1335 πρῶτος
564 1290 750 1333 ποταμοῖν,
785 1288 906 1324 ἐπείτε
938 1288 975 1323 ἐκ
1001 1288 1168 1336 Σαρδίων
1202 1286 1427 1335 ὁρμηθέντες
1458 1285 1541 1322 ἕπε-

189 1346 362 1395 χείρησαν
397 1348 442 1395 τῇ
478 1345 567 1393 ὁδῷ,
603 1345 785 1383 ἐπέλιπε
818 1345 864 1382 τό
899 1345 1081 1395 ῥέεθρον
1117 1345 1209 1382 οὐδ)
1240 1344 1458 1394 οἷπέχρησε
1492 1344 1541 1391 τῇ

191 1408 372 1454 στρατιῇ
408 1420 453 1442 τε
486 1405 557 1442 καὶ
596 1409 711 1443 τοῖσι
745 1405 921 1454 κτήνεσι
956 1404 1191 1451 πινόμενος
1230 1409 1266 1441 et
1291 1405 1363 1442 VII
1390 1405 1451 1440 58:
1487 1403 1540 1439 ἕν-

188 1466 320 1501 θεῦτεν
354 1464 394 1502 δὲ
434 1465 531 1512 (scil.
568 1464 586 1501 ό
614 1464 788 1514 στρατὸς)
822 1464 997 1511 κάμπτων
1027 1463 1089 1502 τὸν
1118 1464 1253 1500 κόλπον
1292 1462 1354 1500 τόν
1386 1462 1541 1499 Μέλανα

188 1523 403 1569 καλεόμενον
435 1525 495 1560 καὶ
527 1522 706 1560 Μέλανα
736 1522 931 1570 ποταμὸν
967 1522 1041 1560 οὐκ
1071 1522 1334 1568 α’ντίσχοντα
1364 1521 1460 1558 τότε
1490 1522 1541 1570 τῇ

191 1585 374 1632 στρατιῇ
399 1582 445 1620 τό
473 1583 657 1632 ῥέεθρον
683 1582 775 1620 ἀλλ’
794 1583 1056 1627 ἐπιλιπόντα
1082 1588 1119 1620 et
1137 1584 1175 1619 in
1193 1594 1271 1628 cap.
1286 1583 1369 1619 108:
1398 1582 1540 1621 Λίσος

190 1640 384 1687 ποταμός
411 1662 468 1686 ——,
496 1640 536 1682 ὃς
561 1641 640 1678 τότε
669 1640 734 1678 οὐκ
759 1641 905 1686 ἀντέσχε
931 1641 972 1678 τὸ
998 1641 1097 1690 ὕδωρ
1125 1641 1293 1690 παρέχων
1318 1642 1370 1687 τῷ
1395 1639 1539 1688 Ξέρξεω

190 1702 342 1748 στρατῷ,
369 1698 446 1736 ἀλλ’
475 1699 660 1737 ἐπέλιπε
686 1705 722 1736 et
747 1701 786 1736 in
812 1712 890 1746 cap.
914 1701 1000 1736 109:
1028 1700 1160 1748 ταύτην
1187 1700 1280 1745 (scil.
1307 1697 1371 1748 τὴν
1396 1699 1540 1746 λίμνην)

191 1757 235 1794 τὰ
267 1758 450 1806 ὑποζύγια
480 1761 598 1804 μοῦνα
630 1758 811 1807 ἀρδόμενα
845 1758 1038 1808 ἀνεξήρηνε
1073 1763 1108 1795 et
1141 1760 1177 1795 in
1213 1770 1290 1804 cap.
1313 1759 1401 1794 127:
1438 1757 1540 1793 Χεί-

190 1819 328 1865 δωρος
368 1818 460 1864 (scil.
488 1817 701 1865 ποταμὸς)
740 1820 875 1863 μοῦνος
918 1817 991 1854 οὐκ
1030 1817 1269 1866 ἀντέχρησε
1306 1818 1352 1865 τῇ
1389 1817 1541 1865 στρατιῇ

191 1875 425 1921 πινόμενος
464 1875 555 1912 ἀλλ’
589 1876 772 1913 ἐπέλιπε
816 1881 851 1912 et
886 1877 924 1912 in
961 1888 1038 1921 cap.
1067 1878 1153 1912 196:
1197 1877 1269 1911 τῶν
1304 1875 1370 1920 μέν
1407 1889 1469 1910 νυν
1504 1874 1541 1909 ἐν

192 1935 378 1982 Θεσσαλίῃ
405 1936 580 1980 ποταμῶν
598 1934 828 1980 Ὀνόχωνος
853 1938 987 1981 μοῦνος
1014 1933 1090 1972 οὐκ
1115 1933 1337 1983 α’πέχρησε
1362 1935 1407 1983 τῇ
1433 1947 1541 1982 στρα-

190 1994 253 2041 τιῇ
279 1991 323 2028 τί
350 1992 534 2042 ῥέεθρον
561 1994 816 2039 πινόμενος·
844 1996 916 2030 τῶν
943 1994 983 2031 δέ
1009 1994 1046 2030 ἐν
1072 1993 1215 2042 Ἀχαιίῃ
1242 1995 1417 2039 ποταμῶν
1443 1991 1540 2041 ῥεόν-

191 2066 263 2088 των
289 2050 376 2089 οὕδὲ
403 2050 505 2093 ὅστις
531 2051 699 2098 μέγιστος
725 2051 846 2089 αὐτῶν
872 2053 948 2090 ἐστὶ
975 2052 1181 2096 Ἠπιδανός,
1213 2051 1300 2089 οὐδὲ
1326 2047 1433 2093 οὗτος
1458 2050 1542 2088 α’ντ-

190 2111 273 2155 έσχε
299 2110 333 2148 εἰ
358 2109 409 2160 μὴ
432 2110 616 2160 φλαύρως.
648 2112 800 2159 (Eadem
819 2112 1071 2157 significantur
1097 2124 1119 2148 a
1136 2112 1293 2152 Libanio
1321 2112 1359 2148 in
1378 2111 1540 2148 oratione

190 2171 246 2206 XI
275 2171 362 2206 178:
398 2170 579 2218 τοσαύτης
607 2172 780 2218 στρατιᾶς
806 2169 1094 2218 συνειλεγμένης,
1126 2170 1192 2217 ὅση
1218 2169 1305 2219 παρ’
1330 2169 1455 2211 ἄλλοις
1479 2171 1539 2207 καὶ

189 2227 231 2265 τό
269 2227 368 2277 ὕδωρ
408 2228 547 2276 ἐλέγξαι
588 2228 810 2276 πινόμενον.)
862 2229 1002 2265 Deinde
1041 2229 1127 2273 quid
1165 2229 1237 2264 sibi
1276 2229 1391 2268 velint
1429 2230 1542 2265 verba

189 2288 355 2325 Neoclis:
392 2287 455 2324 τὸν
480 2287 555 2325 ὑπό
568 2288 593 2336 1)
620 2290 683 2337 γῆν
708 2288 775 2335 μὲν
807 2288 973 2335 δείξαντα
999 2287 1202 2331 θάλασσαν,
1236 2288 1466 2333 cognoscitur
1497 2298 1543 2324 ex

190 2348 276 2382 Her.
296 2348 369 2384 VII
395 2349 457 2392 36,
494 2359 562 2391 quo
589 2349 679 2392 loco,
708 2359 812 2392 quem
839 2348 877 2383 in
903 2348 1046 2383 modum
1072 2348 1214 2382 Xerxes
1241 2347 1279 2381 in
1305 2347 1541 2391 Hellesponto

292 2446 311 2483 ¹)
334 2446 399 2476 Hoc
421 2446 485 2475 loco
506 2447 759 2483 praepositionem
782 2444 841 2476 ὑπὸ
863 2446 997 2475 fortasse
1017 2445 1173 2474 delendam
1195 2453 1260 2474 esse
1281 2453 1315 2474 eo
1336 2444 1438 2482 potius
1453 2444 1542 2474 Foer-

191 2498 272 2524 stero
299 2496 465 2531 assentior,
495 2495 573 2530 quod
597 2496 745 2525 Libanius
767 2495 823 2524 vol.
847 2495 891 2525 IV
912 2495 1011 2531 981,1
1035 2495 1061 2522 R
1090 2494 1128 2523 ad
1158 2494 1261 2525 eadem
1287 2494 1424 2523 alludens
1451 2494 1542 2522 dicit:

194 2545 301 2581 Ξέρξης
322 2542 337 2573 ὁ
360 2543 409 2580 τῆς
425 2542 527 2576 Ἀσίας
549 2543 693 2581 δεσπότης
715 2542 730 2573 ὀ
751 2543 926 2582 μεταποιῶν
947 2542 1001 2580 τήν
1022 2542 1080 2581 γῆν
1101 2553 1131 2572 τε
1153 2545 1202 2572 καὶ
1223 2541 1277 2580 τὴν
1297 2540 1465 2572 θάλασσαν.
