1848 2929
295 337 456 385 διήγημα
483 338 569 385 περὶ
597 335 868 384 Πολυκράτους.

300 405 571 454 ’Πολυκράτους
596 405 721 451 Σάμου
751 405 818 450 μὲν
844 404 905 453 ἄρ-

256 477 395 509 χοντος,
427 463 566 501 πάντα
601 463 646 500 δὲ
677 462 904 507 εὐτυχοῦν-

256 537 330 566 τος
362 523 421 561 καὶ
448 521 505 560 ἐπ’
522 521 644 561 οὐδενὶ
675 520 905 568 λυπουμένου

258 583 341 623 δέος
358 581 473 631 εἰσῄει
492 584 704 629 μεταβολῆς.
729 580 906 628 ἔπραττεν

260 637 334 683 οὖν,
378 639 480 681 ὅπως
523 639 566 676 ἂν
606 639 802 688 ἰάσηται,
845 639 905 675 καὶ

259 699 452 737 δακτύλιον
502 694 552 735 ὧν
594 695 669 743 εἶχε
715 698 906 746 κτημάτων

256 758 446 794 κάλλιστον
472 756 562 793 ἑκών
579 757 646 802 μὲν
672 756 826 804 ἔρριψεν
852 757 906 797 εἷς

256 815 322 864 τῆν
360 814 566 858 θάλασσαν,
619 814 684 852 οὐκ
727 814 818 860 ἔχων
866 815 906 853 δὲ

260 875 356 922 ἥλγε
368 890 392 911 ι.
463 875 601 921 γίνεται
644 873 689 922 δὴ
733 873 843 910 πάλιν
885 874 904 910 ὁ

256 932 451 973 δακτύλιος
476 933 543 968 τοῦ
570 930 829 980 Πολυκράτους
856 931 905 969 δι’

259 990 272 1027 ἶ
280 990 400 1036 χθύο
409 1006 445 1034 ς,
497 989 537 1028 ὃν
591 989 725 1028 οἶνελοῖν
780 990 905 1032 ἁλιεὺς

256 1049 389 1095 μέγαν
430 1063 475 1084 τε
522 1048 624 1085 ὄντα
665 1050 736 1084 καὶ
779 1054 904 1094 βασι-

257 1107 362 1150 λέως
400 1106 524 1153 ἄξιον
564 1106 706 1157 φέρων
749 1106 904 1151 ἔδωκεν

257 1167 418 1213 ἐκείνῳ.
469 1166 488 1202 ὁ
528 1167 569 1201 δὲ
609 1166 734 1210 ἰχθύς,
775 1165 824 1207 ὠς
863 1163 904 1214 ἦν

258 1225 361 1274 χερσὶ
411 1225 483 1261 τῶν
524 1223 707 1273 μαγείρων
756 1222 904 1269 οἶνασχι-

259 1285 378 1329 σθείς,
405 1283 573 1321 ἀπέδωκε
591 1283 820 1331 Πολυκράτει
843 1282 904 1319 τὸν

259 1341 461 1378 δακτύλιον.

1060 347 1139 372 cum
1165 337 1251 372 Her.
1280 337 1338 372 III
1365 337 1520 373 39—43.

1015 405 1169 441 Locutio
1221 403 1372 441 πάντα
1414 403 1612 449 εὐτυχεῖν

966 464 1063 508 apud
1079 464 1303 499 Herodotum
1325 467 1453 507 quater
1475 468 1610 500 exstat:

965 522 1024 559 bis
1073 522 1131 559 III
1157 522 1220 559 40:
1285 520 1508 567 εὐτυχέειν
1561 520 1612 559 τοὶ

968 580 1108 617 πάντα
1147 585 1183 617 et
1220 582 1329 626 paulo
1368 586 1451 626 post
1489 581 1611 617 εὐτυ-

967 639 1073 684 χέων
1098 638 1149 676 τά
1174 638 1315 676 πάντα
1346 643 1382 676 et
1407 640 1465 676 III
1491 641 1548 676 43.

1015 699 1165 735 Libanii
1190 700 1301 736 verbo
1335 697 1483 746 ἰάσηται
1516 700 1611 744 apud

967 758 1189 793 Herodotum
1227 758 1422 801 respondet
1455 758 1611 802 impera-

966 815 1064 852 tivus
1090 813 1186 852 ἀκέο.

1017 874 1114 921 ἤλγει
1140 878 1289 910 revocat
1310 875 1487 910 Herodoti
1512 875 1611 910 locu-

965 932 1099 968 tionem
1130 930 1279 978 α’λγεῖν
1309 930 1375 980 τήν
1409 930 1527 980 ψυχήν
1553 932 1611 967 III

965 991 1012 1027 40
1040 994 1075 1027 et
1100 992 1158 1027 43.

1014 1049 1072 1083 ΠΙ
1098 1050 1160 1083 42:
1191 1047 1300 1092 17va
1324 1048 1457 1094 με’γαν
1482 1062 1525 1084 τε
1551 1048 1610 1083 καὶ

965 1105 1082 1145 καλόν.

1015 1168 1072 1202 III
1099 1168 1161 1201 42:
1198 1165 1317 1202 ἐδόκεε
1344 1169 1417 1202 σεῦ
1451 1180 1490 1201 τε
1516 1162 1609 1201 εἶναι

966 1223 1090 1270 ἄξιος
1122 1226 1183 1262 καὶ
1201 1225 1265 1273 τῆς
1291 1225 1356 1273 σῆς
1382 1223 1512 1273 ἀρχῆς·
1540 1225 1608 1261 σοὶ

967 1283 1017 1331 δή
1042 1298 1106 1328 μιν
1132 1284 1275 1331 φέρων
1300 1283 1472 1328 δίδωμι.

356 1412 530 1448 Videmus
556 1411 672 1455 igitur
697 1412 735 1446 in
763 1412 830 1446 hoc
849 1411 1050 1456 diegemate
1069 1411 1263 1446 Libanium
1291 1414 1404 1446 totum
1432 1421 1476 1446 ex
1493 1411 1609 1446 Hero-

260 1470 343 1505 doto
370 1470 537 1514 pendere.

354 1576 437 1613 Non
475 1576 584 1612 aliter
621 1587 680 1612 res
719 1577 757 1612 so
796 1576 906 1612 habet
944 1576 982 1612 in
1021 1576 1085 1612 illo
1125 1577 1219 1621 quod
1253 1576 1466 1613 inscribitur
1506 1578 1607 1625 περὶ

259 1634 532 1678 Κανδαύλου,
566 1636 661 1680 quod
688 1639 723 1671 et
749 1636 867 1680 ipsum
894 1647 973 1672 cum
1000 1636 1176 1672 Herodoti
1203 1636 1326 1672 verbis
1358 1637 1606 1673 conferamus:

321 1713 480 1762 διήγημα
506 1715 593 1762 περὶ
620 1713 845 1751 Κανδαύλου.

300 1782 414 1830 ’Ἱ-Ιρα
451 1785 525 1830 τῆς
564 1782 720 1819 ἑαυτοῦ
758 1796 903 1828 γυναι-

258 1840 330 1881 κὸς
365 1840 385 1877 ὁ
425 1840 682 1888 Κανδαύλης
715 1842 775 1877 καὶ
810 1855 903 1888 παρ-

259 1898 378 1936 εκάλει
403 1898 464 1935 τὸν
484 1897 605 1947 Γύγην
632 1898 694 1937 ἐπὶ
721 1898 786 1947 τήν
811 1898 904 1937 θέαν

258 1960 323 2007 τῆς
357 1957 464 2006 ὥρας.
522 1957 541 1994 ὁ
575 1957 615 1995 δέ
649 1959 795 2006 πρῶτον
830 1957 902 2006 ἆρ-

261 2017 467 2062 νούμενος
495 2015 700 2063 ἐγκειμένου
725 2019 790 2052 τοῦ
809 2022 903 2053 Καν-

257 2075 392 2113 δαύλου
419 2075 675 2124 συνεχώρησεν.
711 2074 776 2123 ὕφ’
794 2070 836 2111 οὗ
859 2075 902 2123 δὴ

256 2135 316 2171 καὶ
358 2133 540 2175 καταστὰς
591 2133 784 2175 ὄπισθεν
831 2136 905 2182 τῆς

261 2192 375 2242 θύρα
382 2207 401 2236 ς
446 2192 510 2242 τὴν
554 2195 704 2240 γυναῖκα
752 2205 904 2239 καταγυ-

256 2252 462 2301 μνουμένην
482 2252 569 2291 ἷδών
586 2251 785 2301 ἀπηλλάγη.
824 2251 844 2300 ἦ
864 2251 905 2288 δὲ

256 2314 555 2360 μεταστραφεῖσα
601 2311 646 2348 τὸ
703 2311 904 2360 πραχθὲν

257 2369 321 2407 ούκ
353 2369 528 2419 ἠγνόησεν
568 2370 690 2419 ἤνεγκέ
728 2385 767 2407 τε
800 2372 901 2419 σιγῇ·

255 2429 528 2474 μεταπέμπεται
580 2429 620 2464 δὲ
663 2429 724 2464 τὸν
772 2428 902 2476 Γύγην,

258 2486 411 2536 ἐπειδὴ
450 2486 584 2536 ἡμέρα
626 2483 686 2536 ἦν,
729 2488 790 2524 καὶ
828 2487 901 2524 ἐκέ-

1141 1715 1227 1751 Her.
1256 1715 1274 1750 I
1300 1716 1431 1751 8-12,

1014 1784 1031 1819 Ι
1050 1785 1088 1819 8:
1116 1782 1135 1819 ὁ
1154 1782 1412 1831 Κανδαύλης
1439 1782 1608 1831 ἠράσθη

964 1843 1038 1889 τῆς
1064 1840 1226 1877 ἑωυτοῦ
1254 1840 1456 1888 γυναικός

1014 1957 1032 1994 ὁ
1050 1958 1116 2004 μὲν
1142 1958 1186 2007 δὴ
1205 1957 1316 2005 λέγων
1341 1960 1490 1996 τοιαῦτα
1509 1958 1609 1995 οἷπε-

964 2016 1134 2063 μάχετο.

1014 2135 1032 2169 Ι
1058 2136 1098 2169 9:
1145 2133 1310 2171 ὄπισθε
1351 2137 1426 2182 τῆς
1468 2133 1609 2181 α’νοιγο-

965 2191 1075 2241 μένης
1102 2191 1255 2242 θύρας.

1014 2311 1032 2346 Ι
1052 2311 1115 2346 1οῑ
1143 2312 1320 2356 μαθοῦσα
1344 2311 1382 2348 δὲ
1409 2310 1455 2347 τὸ
1481 2324 1609 2359 ποιη-

965 2369 1043 2406 θὲν
1077 2369 1115 2405 ἐκ
1148 2372 1213 2405 τοῦ
1247 2368 1379 2418 ἀνδρὸς
1414 2369 1498 2406 οὔτε
1530 2369 1609 2408 οἰνέ-

964 2434 1061 2475 βωσε
1088 2427 1341 2471 αἰσχυνθεῖσα.

1014 2487 1032 2522 Ι
1062 2488 1121 2522 11;
1160 2485 1214 2528 ὠς
1248 2485 1294 2523 δὲ
1326 2485 1457 2536 ἡμέρη
1490 2486 1608 2532 τάχι-
