1848 2929
224 318 398 361 ἔπειθε,
438 320 610 368 δευτέρας
642 322 755 355 δεῖται
792 331 874 364 συγ-

225 377 434 426 χωρήσεως,
503 380 669 426 στῆναι
730 376 774 413 ἐν
823 379 875 424 τῇ

226 438 356 484 σκευῇ
391 437 463 472 καὶ
497 432 615 484 ᾆσαι,
652 436 711 472 καὶ
745 434 874 482 ἐκπη-

226 494 376 543 δήσειν
419 494 483 537 εἰς
524 494 598 543 τὴν
648 493 906 540 θάλαττανΙ

229 553 291 591 ἐπὶ
319 555 371 601 τῷ
396 553 491 591 τέλει
517 555 583 589 τοῦ
609 551 781 601 ᾄσματος.
812 552 874 588 καὶ

227 612 263 648 οἱ
301 613 368 657 μὲν
406 612 626 660 ἐπέτρεψαν,
675 611 694 646 ὁ
735 610 774 647 δὲ
809 607 875 658 ᾖσε

227 671 289 706 καὶ
337 668 569 717 ἐξεπήδησεν.
630 669 783 716 δελφὶς
830 669 873 704 δὲ

227 727 361 765 αὐτὸν
403 727 593 769 ὑποθεὶς
640 729 697 774 τῷ
744 732 875 764 κιθα-

936 317 1050 354 οὕκων
1093 317 1137 366 δὴ
1180 319 1360 354 πείθειν
1402 317 1578 354 τούτοισι.

985 376 1030 412 ἐν
1055 377 1108 424 τῇ
1134 378 1272 424 σκευῇ
1302 375 1424 424 πάσῃ
1456 375 1580 412 στάν-

935 448 988 471 τα
1031 456 1076 460 -
1121 433 1284 471 ἀεῖσαι.
1341 455 1387 460 --
1444 435 1579 471 locutio

936 493 1126 542 ἐκπηδᾷν
1162 492 1206 534 ἐς
1241 492 1316 540 τὴν
1351 492 1580 531 θάλασσαν

937 553 1033 598 apud
1057 552 1281 588 Herodotum
1308 551 1346 588 in
1372 552 1495 588 eodem
1522 562 1581 587 ca-

936 612 1012 655 pite
1037 611 1145 655 paulo
1173 614 1257 646 ante
1284 614 1415 646 exstat.

986 670 1171 716 ὁελφῖνα
1212 689 1260 694 -
1301 667 1580 714 ὑπολαβόντα

937 727 1150 773 ἐξενεῖκαι
1176 725 1250 764 ἐπὶ
1282 727 1507 775 Ταίναρον.

227 788 349 835 ρῳδῷ
382 786 492 834 πρὸς
532 787 751 834 Ταίναρον
785 785 874 831 ἕξε-

227 845 413 892 κόμισεν.

324 923 479 961 PrOrsus
513 924 628 969 igitur
655 924 765 960 etiam
797 924 835 959 in
861 924 929 959 hoc
956 923 1158 969 diegemate
1184 922 1363 959 Libanius
1396 933 1440 958 ex
1465 923 1581 958 Hero-

229 985 312 1019 doto
339 984 482 1028 pendet,
511 993 726 1026 quamquam
753 982 903 1019 Arionis
936 983 1015 1018 fata
1041 993 1063 1018 a
1089 982 1213 1018 multis
1240 982 1480 1027 scriptoribus
1505 985 1580 1017 tra-

228 1043 362 1077 duntur
373 1041 410 1088 l),
439 1041 539 1078 velut
565 1051 587 1076 a
610 1041 795 1076 Pausania
822 1041 895 1087 (III
914 1041 970 1085 25,
988 1041 1035 1086 7),
1062 1040 1258 1076 Plutarcho
1277 1040 1369 1087 (sap.
1386 1050 1487 1076 conv.
1508 1039 1580 1086 18),

227 1100 390 1136 Luciano
426 1099 531 1147 (dial.
556 1099 685 1135 marin.
711 1099 769 1145 8),
815 1099 993 1135 Strabone
1028 1098 1130 1145 (pag.
1151 1099 1259 1144 618),
1303 1098 1457 1134 Aeliano
1490 1098 1578 1145 (nat.

231 1159 338 1195 anim.
361 1160 393 1203 2,
413 1158 461 1204 6),
497 1158 582 1194 aliis
596 1157 634 1204 2).
688 1157 760 1203 (Ad
786 1157 959 1193 Arionem
987 1158 1096 1193 etiam
1123 1159 1236 1194 verba
1261 1157 1419 1193 rhetoris
1453 1157 1491 1192 in
1525 1168 1578 1201 ep.

231 1217 303 1253 284
338 1217 532 1252 referenda
558 1220 660 1252 sunt:
702 1214 745 1251 οὐ
775 1214 870 1251 πολύ
902 1229 939 1262 γε
972 1217 1044 1251 τῶν
1075 1217 1140 1251 τοῦ
1166 1216 1334 1262 Λεσβίου
1367 1216 1582 1263 κιθαρῳδοῦ

329 1323 350 1360 ¹)
372 1323 418 1352 Of.
442 1323 570 1359 Lehrs,
592 1322 742 1359 Populare
765 1322 924 1359 Aufsatze,
946 1331 1014 1360 pag.
1030 1322 1087 1352 385
1100 1331 1161 1358 sqq.

328 1372 350 1409 ²)
373 1371 409 1400 In
430 1371 477 1401 his
499 1371 694 1410 diegematis,
722 1380 780 1407 quo
808 1372 907 1409 magis
931 1371 1074 1400 Libanius
1095 1371 1280 1400 Herodotum
1307 1373 1430 1400 secutus
1456 1373 1517 1407 est,
1547 1379 1580 1400 eo

229 1422 343 1451 maiore
365 1421 566 1451 admiratione
582 1421 676 1459 digna
697 1423 744 1450 est
765 1429 815 1450 ars
837 1420 995 1451 rhetorica.
1039 1421 1123 1458 Nam,
1146 1424 1181 1450 ut
1202 1421 1379 1450 Foerster
1400 1420 1472 1450 mihi
1494 1420 1580 1458 dixit,

230 1472 384 1500 Curtius
406 1471 521 1500 Mosel
544 1471 718 1500 observavit
732 1471 829 1499 multa
850 1471 1031 1508 diegemata‚
1053 1471 1130 1506 quod
1146 1471 1183 1499 ad
1200 1471 1384 1506 syllabarum
1406 1471 1437 1499 in
1452 1470 1582 1507 singulis

228 1520 397 1549 enuntiatis
424 1528 565 1549 numeros
586 1521 728 1557 pertinet,
750 1529 786 1549 ex
807 1520 906 1549 tribus
927 1520 1066 1557 partibus
1088 1520 1255 1557 composita
1277 1528 1343 1549 esse
1364 1520 1409 1548 ita
1429 1522 1465 1549 ut
1485 1520 1582 1556 prima

229 1572 260 1598 et
281 1569 380 1598 altera
401 1569 542 1599 similiter
562 1572 654 1605 atque
681 1570 710 1598 in
734 1570 920 1607 tragicorum
942 1570 1070 1599 canticis
1092 1568 1206 1607 στροφὴ
1230 1572 1261 1598 et
1281 1567 1481 1608 ἀντίστροφος
1502 1570 1583 1598 inter

229 1626 294 1647 sese
315 1626 440 1654 prorsus
468 1618 694 1654 responderent,
723 1618 818 1646 tertia
845 1620 947 1646 autem
968 1619 1055 1653 quasi
1084 1616 1199 1655 ἐπῳδὸς
1227 1627 1245 1646 a
1273 1618 1423 1654 prioribus
1444 1618 1582 1654 partibus

228 1667 407 1696 dissentiret
428 1669 459 1695 et
480 1666 549 1695 aliis
570 1667 704 1695 numeris
726 1666 847 1704 digesta
868 1669 956 1695 esset.
999 1666 1065 1702 Qua
1087 1675 1122 1695 ex
1144 1675 1176 1695 re
1197 1666 1398 1703 intellegitur,
1420 1674 1473 1695 cur
1494 1666 1582 1695 Liba-

229 1717 313 1752 nius,
339 1717 477 1752 quamvis
498 1716 604 1745 iisdem
626 1716 725 1745 verbis
750 1718 841 1752 atque
862 1715 1035 1745 Herodotus
1061 1717 1109 1745 uti
1130 1716 1296 1753 studuerit,
1324 1720 1425 1745 tamen
1445 1724 1582 1744 nonnun-

228 1773 318 1800 quam
339 1765 448 1793 mirum
469 1765 501 1793 in
521 1764 642 1793 modum
669 1765 706 1793 ab
734 1764 786 1793 illo
809 1764 991 1794 discesserit.
1034 1764 1127 1794 Velut
1148 1765 1285 1802 diegema
1312 1767 1380 1802 περὶ
1402 1763 1582 1794 Κανδαύλου

229 1813 332 1843 rhetor
354 1815 461 1851 incipit
482 1814 545 1844 his:
562 1811 648 1853 ’Ἡρα
670 1813 719 1851 τῆς
739 1814 848 1844 ἑαυτοῦ
870 1812 1016 1853 γυναικὸς
1037 1812 1053 1844 ὁ
1075 1812 1262 1851 Κανδαύλης,
1284 1813 1456 1843 Herodotus
1479 1816 1581 1843 autem

230 1863 321 1892 dicit:
351 1861 367 1892 ὁ
389 1862 566 1900 Κανδαύλης
598 1862 740 1901 ἠράσθη
771 1863 820 1900 τῆς
848 1863 962 1892 ἑωυτοῦ
988 1862 1142 1901 γυναικός.
1184 1863 1330 1892 Libanius
1360 1872 1413 1892 cur
1440 1863 1581 1892 hocloco

231 1909 288 1950 ἦρα
304 1913 470 1948 scripserit,
492 1911 662 1948 explicatur
676 1921 712 1940 ex
728 1920 763 1940 ea
777 1921 818 1948 re,
834 1912 912 1947 quod
927 1912 1019 1941 verba
1033 1909 1089 1950 ἤρα
1105 1928 1140 1932 -—
1154 1928 1190 1932 ——
1206 1911 1382 1949 Κανδαύλης
1399 1912 1433 1940 13
1449 1912 1582 1948 syllabas

229 1960 398 1990 efficientia
412 1960 596 1998 respondent
619 1961 655 1989 13
671 1960 797 1997 syllabis
813 1960 1007 1996 sequentibus
1030 1959 1081 1999 ὑφ’
1099 1955 1136 1990 οὗ
1157 1959 1190 1998 δὴ
1213 1963 1263 1990 καὶ
1284 1959 1431 1995 καταστὰς
1452 1959 1582 1991 ὄπισθεν

229 2010 278 2046 τῆς
298 2009 404 2048 θύρας,
438 2010 553 2039 Eadem
569 2010 604 2039 de
626 2018 719 2038 causa
741 2010 886 2039 Libanius
908 2010 998 2046 paulo
1020 2010 1103 2039 infra
1118 2010 1196 2039 dixit
1216 2009 1249 2040 τὸ
1270 2014 1456 2049 πραχθέν,
1478 2019 1582 2046 quam-

227 2068 317 2095 quam
347 2059 521 2088 Herodotus
549 2058 674 2095 praebet
703 2057 735 2087 τὸ
762 2061 940 2095 ποιηθέν,
976 2067 1046 2087 nam
1067 2059 1159 2088 verba
1188 2057 1202 2096 ἦ
1225 2060 1256 2089 δὲ
1277 2062 1522 2098 μεταστραφεῖσα
1548 2057 1581 2088 τὸ

227 2109 372 2147 πραχθὲν
393 2106 450 2137 οὐκ
471 2106 622 2146 ἠγνόησεν
644 2104 754 2145 ἤνεγκέ
773 2118 802 2136 ιε
824 2106 894 2145 σιγῇ
924 2116 1016 2143 aeque
1038 2110 1128 2144 atque
1149 2108 1362 2138 antecedentia
1388 2109 1423 2138 21
1447 2108 1582 2144 syllabas

227 2158 393 2187 continent.
424 2157 502 2186 Tum
522 2157 554 2186 in
570 2157 740 2195 diegemate
761 2159 829 2195 περὶ
845 2152 1057 2194 Πολυκράτους
1077 2157 1180 2186 rhetor
1200 2166 1253 2194 pro
1268 2157 1416 2187 Herodoti
1430 2157 1582 2187 locutione

228 2205 329 2245 ἤλγει
351 2205 415 2244 τήν
437 2205 579 2245 ψυχήν,
610 2214 701 2242 quam
723 2214 792 2235 eum
814 2214 873 2235 non
895 2206 1083 2243 ignoravisse
1104 2207 1163 2236 alio
1185 2207 1251 2236 loco
1273 2207 1494 2244 demonstrabo,
1516 2215 1581 2236 ver-

227 2256 298 2285 bum
319 2252 419 2294 ἤλγει,
442 2255 539 2285 solum
554 2255 702 2292 adhibuit,
724 2255 795 2290 quia
809 2254 901 2283 verba
923 2252 980 2284 οὐκ
999 2255 1079 2293 ἔχων
1094 2256 1125 2285 δὲ
1147 2252 1228 2294 ἤλγει
1251 2256 1445 2291 sequentibus
1466 2259 1579 2294 γίνεται

227 2303 260 2342 δὴ
283 2303 374 2333 πάλιν
395 2304 576 2341 respondere
597 2304 704 2333 voluit¹
747 2303 844 2332 Simili
864 2304 983 2332 ratione
1004 2305 1035 2332 in
1057 2304 1224 2341 diegemate
1245 2307 1315 2343 περὶ
1331 2303 1472 2343 ’Λρίωνος
1494 2304 1581 2333 Liba-

227 2355 296 2383 nius
318 2354 440 2391 scripsit
469 2355 508 2383 ἐν
524 2352 665 2392 Ἰταλίᾳ
686 2356 833 2392 γενέσθαι
855 2350 999 2391 λαμπρός,
1029 2361 1208 2389 quamquam
1230 2353 1403 2383 Herodotus
1423 2353 1581 2390 praebuit:

228 2403 417 2442 ἐπιθυμῆσαι
438 2402 553 2433 πλῶσαι
577 2405 611 2437 ἐς
628 2402 793 2440 Ἰταλίην
814 2413 850 2432 τε
872 2405 932 2431 καὶ
953 2405 1139 2440 Σικελίην,
1163 2405 1194 2433 et
1214 2403 1307 2434 verba
1327 2402 1473 2432 Herodoti
1494 2404 1528 2432 ἐν
1548 2402 1581 2441 τῇ

228 2452 318 2490 σκευῇ
340 2451 420 2490 πάσῃ
442 2451 553 2482 στάντα
582 2469 618 2473 --
648 2451 746 2481 ἀεῖσαι
778 2452 816 2481 ad
839 2451 976 2480 litteram
997 2453 1139 2487 repetivit
1161 2453 1270 2481 omisso
1291 2452 1411 2487 quidem
1432 2452 1581 2481 adiectivo

228 2499 307 2539 πάσῃ
330 2500 445 2539 (στῆναι
469 2503 502 2531 ἐν
526 2500 558 2540 τῇ
582 2501 673 2540 σκευῇ
696 2504 746 2530 καὶ
768 2494 861 2540 ᾆσαι).
