<?xml version="1.0" encoding="UTF-8"?>
<!DOCTYPE html PUBLIC "-//W3C//DTD XHTML 1.0 Transitional//EN"
    "http://www.w3.org/TR/xhtml1/DTD/xhtml1-transitional.dtd">
<html xmlns="http://www.w3.org/1999/xhtml" xml:lang="en" lang="en">
 <head>
  <title>
</title>
<meta http-equiv="Content-Type" content="text/html;charset=utf-8" />
  <meta name='ocr-system' content='tesseract 3.04.00' />
  <meta name='ocr-capabilities' content='ocr_page ocr_carea ocr_par ocr_line ocrx_word'/>
</head>
<body>
  <div class='ocr_page' id='page_1' title='image "4737804_0045.png"; bbox 0 0 1848 2929; ppageno 0'>
   <div class='ocr_carea' id='block_1_1' title="bbox 172 210 1556 2367">
    <p class='ocr_par' dir='ltr' id='par_1_1' title="bbox 856 210 903 247">
     <span class='ocr_line' id='line_1_1' title="bbox 856 210 903 247; baseline -0.021 0"><span class='ocrx_word' id='word_1_1' title='bbox 856 210 903 247; x_wconf 85' lang='lat'><strong>33</strong></span> 
     </span>
    </p>

    <p class='ocr_par' dir='ltr' id='par_1_2' title="bbox 172 327 1556 2367">
     <span class='ocr_line' id='line_1_2' title="bbox 306 327 1551 387; baseline -0.002 -23"><span class='ocrx_word' id='word_1_2' title='bbox 306 340 338 364; x_wconf 90' lang='lat' dir='ltr'><strong>a.</strong></span> <span class='ocrx_word' id='word_1_3' title='bbox 365 329 527 364; x_wconf 89' lang='lat' dir='ltr'><strong>Plurima</strong></span> <span class='ocrx_word' id='word_1_4' title='bbox 553 329 694 372; x_wconf 91' lang='lat' dir='ltr'><strong>quidem</strong></span> <span class='ocrx_word' id='word_1_5' title='bbox 711 329 888 364; x_wconf 89' lang='lat' dir='ltr'><strong>Libanius</strong></span> <span class='ocrx_word' id='word_1_6' title='bbox 914 339 959 364; x_wconf 83' lang='lat' dir='ltr'><strong>ex</strong></span> <span class='ocrx_word' id='word_1_7' title='bbox 984 329 1031 363; x_wconf 86' lang='lat' dir='ltr'><strong>iis</strong></span> <span class='ocrx_word' id='word_1_8' title='bbox 1058 327 1289 372; x_wconf 83' lang='lat' dir='ltr'>deprompsit,</span> <span class='ocrx_word' id='word_1_9' title='bbox 1317 327 1551 387; x_wconf 66' lang='lat' dir='ltr'><strong>quae...Hefo—</strong></span> 
     </span>
     <span class='ocr_line' id='line_1_3' title="bbox 209 381 1553 433; baseline -0.003 -9"><span class='ocrx_word' id='word_1_10' title='bbox 209 387 313 424; x_wconf 90' lang='lat' dir='ltr'><strong>dotus</strong></span> <span class='ocrx_word' id='word_1_11' title='bbox 339 388 382 423; x_wconf 91' lang='lat' dir='ltr'><strong>de</strong></span> <span class='ocrx_word' id='word_1_12' title='bbox 399 387 522 424; x_wconf 89' lang='lat' dir='ltr'><strong>Persis</strong></span> <span class='ocrx_word' id='word_1_13' title='bbox 548 398 738 432; x_wconf 89' lang='lat' dir='ltr'><strong>eorumque</strong></span> <span class='ocrx_word' id='word_1_14' title='bbox 763 387 912 433; x_wconf 89' lang='lat' dir='ltr'><strong>regibus</strong></span> <span class='ocrx_word' id='word_1_15' title='bbox 929 391 1065 423; x_wconf 84' lang='lat' dir='ltr'><strong>narrat.</strong></span> <span class='ocrx_word' id='word_1_16' title='bbox 1109 387 1153 423; x_wconf 91' lang='lat' dir='ltr'><strong>In</strong></span> <span class='ocrx_word' id='word_1_17' title='bbox 1179 398 1230 423; x_wconf 90' lang='lat' dir='ltr'><strong>or.</strong></span> <span class='ocrx_word' id='word_1_18' title='bbox 1250 386 1338 422; x_wconf 87' lang='lat' dir='ltr'><strong>LIX</strong></span> <span class='ocrx_word' id='word_1_19' title='bbox 1357 383 1403 421; x_wconf 60' lang='lat'><strong>24</strong></span> <span class='ocrx_word' id='word_1_20' title='bbox 1429 381 1553 421; x_wconf 84' lang='lat' dir='ltr'><strong>rhetor</strong></span> 
     </span>
     <span class='ocr_line' id='line_1_4' title="bbox 172 442 1551 494; baseline -0.002 -12"><span class='ocrx_word' id='word_1_21' title='bbox 172 460 179 468; x_wconf 88' lang='lat'><strong>·</strong></span> <span class='ocrx_word' id='word_1_22' title='bbox 209 446 315 482; x_wconf 82' lang='lat' dir='ltr'><strong>dicit:</strong></span> <span class='ocrx_word' id='word_1_23' title='bbox 355 448 479 494; x_wconf 83' lang='grc' dir='ltr'><strong><em>Κῦρον</em></strong></span> <span class='ocrx_word' id='word_1_24' title='bbox 506 468 551 472; x_wconf 89' lang='grc'><strong>-</strong></span> <span class='ocrx_word' id='word_1_25' title='bbox 577 444 614 481; x_wconf 82' lang='grc' dir='ltr'><strong>οἱ</strong></span> <span class='ocrx_word' id='word_1_26' title='bbox 638 445 874 491; x_wconf 80' lang='grc' dir='ltr'><strong><em>σεμνύνοντες</em></strong></span> <span class='ocrx_word' id='word_1_27' title='bbox 907 444 998 494; x_wconf 84' lang='grc' dir='ltr'><strong><em>ὄψιν</em></strong></span> <span class='ocrx_word' id='word_1_28' title='bbox 1024 445 1062 481; x_wconf 77' lang='grc' dir='ltr'><strong>ἐν</strong></span> <span class='ocrx_word' id='word_1_29' title='bbox 1092 448 1169 486; x_wconf 87' lang='grc' dir='ltr'><strong><em>τοῖς</em></strong></span> <span class='ocrx_word' id='word_1_30' title='bbox 1200 443 1331 486; x_wconf 78' lang='grc' dir='ltr'><strong><em>ὕπνοις</em></strong></span> <span class='ocrx_word' id='word_1_31' title='bbox 1356 442 1551 489; x_wconf 79' lang='grc' dir='ltr'><em>Ἀστυάγει</em></span> 
     </span>
     <span class='ocr_line' id='line_1_5' title="bbox 208 500 1552 553; baseline -0.001 -14"><span class='ocrx_word' id='word_1_32' title='bbox 208 504 376 550; x_wconf 71' lang='grc' dir='ltr'><strong><em>γενέσθαι</em></strong></span> <span class='ocrx_word' id='word_1_33' title='bbox 410 504 534 553; x_wconf 69' lang='grc' dir='ltr'><strong><em>φασίν,</em></strong></span> <span class='ocrx_word' id='word_1_34' title='bbox 571 503 620 546; x_wconf 74' lang='grc' dir='ltr'><strong><em>ὠς</em></strong></span> <span class='ocrx_word' id='word_1_35' title='bbox 653 504 691 540; x_wconf 80' lang='grc' dir='ltr'><strong>ἐκ</strong></span> <span class='ocrx_word' id='word_1_36' title='bbox 721 504 920 553; x_wconf 84' lang='grc' dir='ltr'><strong><em>Μανδάνης</em></strong></span> <span class='ocrx_word' id='word_1_37' title='bbox 954 505 1018 552; x_wconf 78' lang='grc' dir='ltr'><strong>τῆς</strong></span> <span class='ocrx_word' id='word_1_38' title='bbox 1052 503 1224 552; x_wconf 79' lang='grc' dir='ltr'><strong><em>ἐσομένης</em></strong></span> <span class='ocrx_word' id='word_1_39' title='bbox 1254 501 1382 551; x_wconf 80' lang='grc' dir='ltr'><strong><em>Κύρου</em></strong></span> <span class='ocrx_word' id='word_1_40' title='bbox 1414 500 1552 551; x_wconf 86' lang='grc' dir='ltr'><strong><em>μητρὸς</em></strong></span> 
     </span>
     <span class='ocr_line' id='line_1_6' title="bbox 209 559 1552 612; baseline -0.001 -14"><span class='ocrx_word' id='word_1_41' title='bbox 209 559 493 611; x_wconf 80' lang='grc' dir='ltr'><strong><em>οἶναβλαστὴσειὲ</em></strong></span> <span class='ocrx_word' id='word_1_42' title='bbox 522 577 561 599; x_wconf 84' lang='grc' dir='ltr'><strong>τε</strong></span> <span class='ocrx_word' id='word_1_43' title='bbox 587 561 749 608; x_wconf 80' lang='grc' dir='ltr'><strong><em>ἄμπελος</em></strong></span> <span class='ocrx_word' id='word_1_44' title='bbox 779 565 840 600; x_wconf 81' lang='grc' dir='ltr'><strong><em>καὶ</em></strong></span> <span class='ocrx_word' id='word_1_45' title='bbox 871 563 936 612; x_wconf 79' lang='grc' dir='ltr'><strong>τὴν</strong></span> <span class='ocrx_word' id='word_1_46' title='bbox 960 562 1093 599; x_wconf 80' lang='grc' dir='ltr'><strong><em>Ἀσίαν</em></strong></span> <span class='ocrx_word' id='word_1_47' title='bbox 1118 561 1267 599; x_wconf 81' lang='grc' dir='ltr'><strong><em>ἅπασαν</em></strong></span> <span class='ocrx_word' id='word_1_48' title='bbox 1292 561 1478 608; x_wconf 82' lang='grc' dir='ltr'><strong><em>ἐπιλάβοι,</em></strong></span> <span class='ocrx_word' id='word_1_49' title='bbox 1513 561 1552 597; x_wconf 89' lang='lat' dir='ltr'><strong>id</strong></span> 
     </span>
     <span class='ocr_line' id='line_1_7' title="bbox 210 621 1551 669; baseline -0.001 -12"><span class='ocrx_word' id='word_1_50' title='bbox 210 622 305 666; x_wconf 90' lang='lat' dir='ltr'><strong>quod</strong></span> <span class='ocrx_word' id='word_1_51' title='bbox 330 626 471 666; x_wconf 84' lang='lat' dir='ltr'><strong>spectat</strong></span> <span class='ocrx_word' id='word_1_52' title='bbox 496 623 541 658; x_wconf 88' lang='lat' dir='ltr'><strong>ad</strong></span> <span class='ocrx_word' id='word_1_53' title='bbox 569 622 659 658; x_wconf 93' lang='lat' dir='ltr'><strong>illud</strong></span> <span class='ocrx_word' id='word_1_54' title='bbox 684 622 860 669; x_wconf 83' lang='lat' dir='ltr'>Astyagis</span> <span class='ocrx_word' id='word_1_55' title='bbox 885 622 1062 658; x_wconf 89' lang='lat' dir='ltr'><strong>somnium</strong></span> <span class='ocrx_word' id='word_1_56' title='bbox 1094 623 1139 658; x_wconf 86' lang='lat' dir='ltr'><strong>ab</strong></span> <span class='ocrx_word' id='word_1_57' title='bbox 1167 622 1350 658; x_wconf 83' lang='lat' dir='ltr'><strong>Herodoto</strong></span> <span class='ocrx_word' id='word_1_58' title='bbox 1377 621 1551 657; x_wconf 79' lang='lat' dir='ltr'><strong>traditum</strong></span> 
     </span>
     <span class='ocr_line' id='line_1_8' title="bbox 208 678 1551 728; baseline -0.001 -12"><span class='ocrx_word' id='word_1_59' title='bbox 208 681 227 716; x_wconf 95' lang='lat' dir='ltr'>I</span> <span class='ocrx_word' id='word_1_60' title='bbox 255 681 341 717; x_wconf 88' lang='lat'>108:</span> <span class='ocrx_word' id='word_1_61' title='bbox 382 679 635 728; x_wconf 74' lang='grc' dir='ltr'><strong><em>συνοικεούσης</em></strong></span> <span class='ocrx_word' id='word_1_62' title='bbox 668 680 707 718; x_wconf 81' lang='grc' dir='ltr'><strong>δὲ</strong></span> <span class='ocrx_word' id='word_1_63' title='bbox 740 683 792 727; x_wconf 77' lang='grc' dir='ltr'><strong><em>τῷ</em></strong></span> <span class='ocrx_word' id='word_1_64' title='bbox 821 680 1004 728; x_wconf 83' lang='grc' dir='ltr'><strong><em>Καμβύσῃ</em></strong></span> <span class='ocrx_word' id='word_1_65' title='bbox 1037 682 1100 728; x_wconf 79' lang='grc' dir='ltr'><strong>τῆς</strong></span> <span class='ocrx_word' id='word_1_66' title='bbox 1139 678 1341 728; x_wconf 77' lang='grc' dir='ltr'><strong><em>Μανδάνης</em></strong></span> <span class='ocrx_word' id='word_1_67' title='bbox 1374 678 1394 714; x_wconf 79' lang='grc' dir='ltr'>ὁ</span> <span class='ocrx_word' id='word_1_68' title='bbox 1419 678 1551 715; x_wconf 83' lang='grc' dir='ltr'><strong><em>Ἀστυ-</em></strong></span> 
     </span>
     <span class='ocr_line' id='line_1_9' title="bbox 208 735 1551 786; baseline 0 -13"><span class='ocrx_word' id='word_1_69' title='bbox 208 738 295 786; x_wconf 86' lang='grc' dir='ltr'><strong><em>άγης</em></strong></span> <span class='ocrx_word' id='word_1_70' title='bbox 325 740 376 784; x_wconf 73' lang='grc' dir='ltr'><strong><em>τῷ</em></strong></span> <span class='ocrx_word' id='word_1_71' title='bbox 401 738 532 786; x_wconf 79' lang='grc' dir='ltr'><strong><em>πρώτῳ</em></strong></span> <span class='ocrx_word' id='word_1_72' title='bbox 558 738 632 774; x_wconf 78' lang='grc' dir='ltr'><strong><em>ε”τεϊ</em></strong></span> <span class='ocrx_word' id='word_1_73' title='bbox 656 735 731 776; x_wconf 87' lang='grc' dir='ltr'><strong><em>εἶδε</em></strong></span> <span class='ocrx_word' id='word_1_74' title='bbox 756 738 866 786; x_wconf 80' lang='grc' dir='ltr'><strong><em>ἄλλην</em></strong></span> <span class='ocrx_word' id='word_1_75' title='bbox 892 737 1012 786; x_wconf 80' lang='grc' dir='ltr'><strong><em>ὄψιν,</em></strong></span> <span class='ocrx_word' id='word_1_76' title='bbox 1046 738 1165 774; x_wconf 76' lang='grc' dir='ltr'><strong><em>ἐδόκεε</em></strong></span> <span class='ocrx_word' id='word_1_77' title='bbox 1196 738 1236 775; x_wconf 86' lang='grc' dir='ltr'><strong>δέ</strong></span> <span class='ocrx_word' id='word_1_78' title='bbox 1268 737 1303 773; x_wconf 82' lang='grc' dir='ltr'><strong>οἱ</strong></span> <span class='ocrx_word' id='word_1_79' title='bbox 1329 737 1367 773; x_wconf 81' lang='grc' dir='ltr'><strong>ἐκ</strong></span> <span class='ocrx_word' id='word_1_80' title='bbox 1392 739 1464 773; x_wconf 74' lang='grc' dir='ltr'><strong>τῶν</strong></span> <span class='ocrx_word' id='word_1_81' title='bbox 1495 736 1551 773; x_wconf 85' lang='grc' dir='ltr'><strong><em>αἰ-</em></strong></span> 
     </span>
     <span class='ocr_line' id='line_1_10' title="bbox 209 795 1552 845; baseline -0.002 -12"><span class='ocrx_word' id='word_1_82' title='bbox 209 797 318 833; x_wconf 87' lang='grc' dir='ltr'><strong><em>δοίων</em></strong></span> <span class='ocrx_word' id='word_1_83' title='bbox 342 798 406 844; x_wconf 82' lang='grc' dir='ltr'><strong>τῆς</strong></span> <span class='ocrx_word' id='word_1_84' title='bbox 423 796 607 844; x_wconf 70' lang='grc' dir='ltr'><strong><em>θυγατρὸς</em></strong></span> <span class='ocrx_word' id='word_1_85' title='bbox 631 795 765 844; x_wconf 82' lang='grc' dir='ltr'><strong><em>ταύτης</em></strong></span> <span class='ocrx_word' id='word_1_86' title='bbox 791 799 925 845; x_wconf 82' lang='grc' dir='ltr'><strong><em>φῦναι</em></strong></span> <span class='ocrx_word' id='word_1_87' title='bbox 951 795 1159 842; x_wconf 80' lang='grc' dir='ltr'><strong><em>ἄμπελον,</em></strong></span> <span class='ocrx_word' id='word_1_88' title='bbox 1186 795 1260 844; x_wconf 78' lang='grc' dir='ltr'><strong>τὴν</strong></span> <span class='ocrx_word' id='word_1_89' title='bbox 1287 795 1333 833; x_wconf 84' lang='grc' dir='ltr'><strong>δὲ</strong></span> <span class='ocrx_word' id='word_1_90' title='bbox 1359 795 1552 841; x_wconf 79' lang='grc' dir='ltr'><strong><em>ἄμπελον</em></strong></span> 
     </span>
     <span class='ocr_line' id='line_1_11' title="bbox 209 853 1551 903; baseline -0.001 -12"><span class='ocrx_word' id='word_1_91' title='bbox 209 854 406 899; x_wconf 80' lang='grc' dir='ltr'><strong><em>ἐπισχεῖν</em></strong></span> <span class='ocrx_word' id='word_1_92' title='bbox 431 853 504 902; x_wconf 76' lang='grc' dir='ltr'><strong>τὴν</strong></span> <span class='ocrx_word' id='word_1_93' title='bbox 529 854 681 903; x_wconf 74' lang='grc' dir='ltr'><strong><em>’Λσίην</em></strong></span> <span class='ocrx_word' id='word_1_94' title='bbox 706 858 858 891; x_wconf 85' lang='grc' dir='ltr'><strong><em>πᾶσαν.</em></strong></span> <span class='ocrx_word' id='word_1_95' title='bbox 910 856 988 891; x_wconf 85' lang='lat' dir='ltr'><strong>Hoc</strong></span> <span class='ocrx_word' id='word_1_96' title='bbox 1014 855 1189 891; x_wconf 88' lang='lat' dir='ltr'><strong>somnium</strong></span> <span class='ocrx_word' id='word_1_97' title='bbox 1216 855 1394 890; x_wconf 82' lang='lat' dir='ltr'><strong>Libanius</strong></span> <span class='ocrx_word' id='word_1_98' title='bbox 1420 855 1551 890; x_wconf 92' lang='lat' dir='ltr'><strong>iterum</strong></span> 
     </span>
     <span class='ocr_line' id='line_1_12' title="bbox 207 911 1551 959; baseline 0 -11"><span class='ocrx_word' id='word_1_99' title='bbox 207 914 357 957; x_wconf 79' lang='lat' dir='ltr'><strong>respicit</strong></span> <span class='ocrx_word' id='word_1_100' title='bbox 389 913 428 948; x_wconf 92' lang='lat' dir='ltr'><strong>in</strong></span> <span class='ocrx_word' id='word_1_101' title='bbox 461 914 619 949; x_wconf 92' lang='lat' dir='ltr'><strong>eiusdem</strong></span> <span class='ocrx_word' id='word_1_102' title='bbox 652 913 828 949; x_wconf 87' lang='lat' dir='ltr'><strong>orationis</strong></span> <span class='ocrx_word' id='word_1_103' title='bbox 862 914 882 959; x_wconf 67' lang='grc' dir='ltr'>ξ</span> <span class='ocrx_word' id='word_1_104' title='bbox 909 914 956 949; x_wconf 85' lang='grc'><strong>29</strong></span> <span class='ocrx_word' id='word_1_105' title='bbox 991 914 1240 957; x_wconf 84' lang='lat' dir='ltr'><strong>interrogans:</strong></span> <span class='ocrx_word' id='word_1_106' title='bbox 1285 912 1383 954; x_wconf 89' lang='grc' dir='ltr'><strong><em>τίνος</em></strong></span> <span class='ocrx_word' id='word_1_107' title='bbox 1415 911 1551 958; x_wconf 75' lang='grc' dir='ltr'><strong><em>ἀμπέ-</em></strong></span> 
     </span>
     <span class='ocr_line' id='line_1_13' title="bbox 209 970 1552 1020; baseline 0.001 -14"><span class='ocrx_word' id='word_1_108' title='bbox 209 972 283 1007; x_wconf 88' lang='grc' dir='ltr'><strong>λου</strong></span> <span class='ocrx_word' id='word_1_109' title='bbox 309 970 558 1019; x_wconf 72' lang='grc' dir='ltr'><strong><em>θαλλούσης</em></strong></span> <span class='ocrx_word' id='word_1_110' title='bbox 584 971 626 1007; x_wconf 82' lang='grc' dir='ltr'><strong>ἐν</strong></span> <span class='ocrx_word' id='word_1_111' title='bbox 651 970 875 1020; x_wconf 81' lang='grc' dir='ltr'><strong><em>ὀνείρασιν</em></strong></span> <span class='ocrx_word' id='word_1_112' title='bbox 901 970 964 1007; x_wconf 80' lang='grc' dir='ltr'><strong>οὐκ</strong></span> <span class='ocrx_word' id='word_1_113' title='bbox 990 970 1126 1017; x_wconf 73' lang='grc' dir='ltr'><strong><em>ἀμείνω</em></strong></span> <span class='ocrx_word' id='word_1_114' title='bbox 1154 994 1181 998; x_wconf 96' lang='grc'>-</span> <span class='ocrx_word' id='word_1_115' title='bbox 1208 974 1360 1019; x_wconf 74' lang='grc' dir='ltr'><strong><em>σημεῖας</em></strong></span> <span class='ocrx_word' id='word_1_116' title='bbox 1401 972 1487 1007; x_wconf 85' lang='lat' dir='ltr'><strong>item</strong></span> <span class='ocrx_word' id='word_1_117' title='bbox 1513 971 1552 1007; x_wconf 93' lang='lat' dir='ltr'><strong>in</strong></span> 
     </span>
     <span class='ocr_line' id='line_1_14' title="bbox 212 1031 1553 1076; baseline -0.001 -9"><span class='ocrx_word' id='word_1_118' title='bbox 212 1031 369 1076; x_wconf 82' lang='lat' dir='ltr'>epistula</span> <span class='ocrx_word' id='word_1_119' title='bbox 408 1032 499 1067; x_wconf 82' lang='grc'>1521</span> <span class='ocrx_word' id='word_1_120' title='bbox 537 1032 584 1067; x_wconf 86' lang='lat' dir='ltr'><strong>ad</strong></span> <span class='ocrx_word' id='word_1_121' title='bbox 619 1031 830 1068; x_wconf 86' lang='lat' dir='ltr'><strong>Clearchum</strong></span> <span class='ocrx_word' id='word_1_122' title='bbox 867 1031 1005 1076; x_wconf 85' lang='lat' dir='ltr'><strong>scripta</strong></span> <span class='ocrx_word' id='word_1_123' title='bbox 1038 1031 1107 1067; x_wconf 86' lang='lat' dir='ltr'><strong>hoc</strong></span> <span class='ocrx_word' id='word_1_124' title='bbox 1145 1031 1319 1067; x_wconf 92' lang='lat' dir='ltr'><strong>somnium</strong></span> <span class='ocrx_word' id='word_1_125' title='bbox 1356 1031 1479 1066; x_wconf 84' lang='lat' dir='ltr'><strong>rhetor</strong></span> <span class='ocrx_word' id='word_1_126' title='bbox 1516 1031 1553 1066; x_wconf 92' lang='lat' dir='ltr'><strong>in</strong></span> 
     </span>
     <span class='ocr_line' id='line_1_15' title="bbox 209 1087 1554 1137; baseline -0.001 -12"><span class='ocrx_word' id='word_1_127' title='bbox 209 1090 328 1125; x_wconf 88' lang='lat' dir='ltr'><strong>animo</strong></span> <span class='ocrx_word' id='word_1_128' title='bbox 360 1091 493 1126; x_wconf 85' lang='lat' dir='ltr'><strong>habere</strong></span> <span class='ocrx_word' id='word_1_129' title='bbox 519 1090 664 1126; x_wconf 86' lang='lat' dir='ltr'><strong>videtur</strong></span> <span class='ocrx_word' id='word_1_130' title='bbox 689 1090 829 1125; x_wconf 83' lang='lat' dir='ltr'><strong>dicens:</strong></span> <span class='ocrx_word' id='word_1_131' title='bbox 866 1087 1000 1137; x_wconf 78' lang='grc' dir='ltr'><strong><em>οὐγὰρ</em></strong></span> <span class='ocrx_word' id='word_1_132' title='bbox 1027 1088 1224 1135; x_wconf 72' lang='grc' dir='ltr'><strong><em>ἀγνοοῦμεν</em></strong></span> <span class='ocrx_word' id='word_1_133' title='bbox 1249 1088 1313 1137; x_wconf 76' lang='grc' dir='ltr'><strong>τὴν</strong></span> <span class='ocrx_word' id='word_1_134' title='bbox 1344 1088 1381 1124; x_wconf 81' lang='grc' dir='ltr'><strong>ἐν</strong></span> <span class='ocrx_word' id='word_1_135' title='bbox 1405 1088 1554 1137; x_wconf 81' lang='grc' dir='ltr'><strong><em>Ἑλλησ-</em></strong></span> 
     </span>
     <span class='ocr_line' id='line_1_16' title="bbox 209 1147 1553 1196; baseline 0 -13"><span class='ocrx_word' id='word_1_136' title='bbox 209 1147 330 1194; x_wconf 86' lang='grc' dir='ltr'><strong><em>πόντῳ</em></strong></span> <span class='ocrx_word' id='word_1_137' title='bbox 369 1147 436 1193; x_wconf 82' lang='grc' dir='ltr'><strong>μὲν</strong></span> <span class='ocrx_word' id='word_1_138' title='bbox 470 1150 612 1196; x_wconf 81' lang='grc' dir='ltr'><strong><em>φῦσαν</em></strong></span> <span class='ocrx_word' id='word_1_139' title='bbox 651 1147 857 1194; x_wconf 74' lang='grc' dir='ltr'><strong><em>ἄμπελον,</em></strong></span> <span class='ocrx_word' id='word_1_140' title='bbox 897 1147 1165 1192; x_wconf 80' lang='grc' dir='ltr'><strong><em>ἐπισχοῦσαν</em></strong></span> <span class='ocrx_word' id='word_1_141' title='bbox 1197 1148 1241 1185; x_wconf 77' lang='grc' dir='ltr'><strong>δὲ</strong></span> <span class='ocrx_word' id='word_1_142' title='bbox 1280 1147 1354 1196; x_wconf 79' lang='grc' dir='ltr'><strong>τὴν</strong></span> <span class='ocrx_word' id='word_1_143' title='bbox 1388 1150 1470 1196; x_wconf 82' lang='grc' dir='ltr'><strong><em>γῆν.</em></strong></span> <span class='ocrx_word' id='word_1_144' title='bbox 1508 1169 1553 1174; x_wconf 94' lang='grc'>-</span> 
     </span>
     <span class='ocr_line' id='line_1_17' title="bbox 208 1206 1553 1254; baseline 0 -12"><span class='ocrx_word' id='word_1_145' title='bbox 208 1207 252 1242; x_wconf 92' lang='lat' dir='ltr'><strong>In</strong></span> <span class='ocrx_word' id='word_1_146' title='bbox 286 1207 548 1243; x_wconf 81' lang='lat' dir='ltr'><strong>declamatione</strong></span> <span class='ocrx_word' id='word_1_147' title='bbox 578 1207 793 1254; x_wconf 68' lang='grc' dir='ltr'><strong><em>Κορινθίων</em></strong></span> <span class='ocrx_word' id='word_1_148' title='bbox 818 1206 959 1252; x_wconf 56' lang='grc' dir='ltr'><strong><em>λόγος’ῑ)</em></strong></span> <span class='ocrx_word' id='word_1_149' title='bbox 987 1208 1180 1251; x_wconf 75' lang='lat' dir='ltr'><strong>inscripta,</strong></span> <span class='ocrx_word' id='word_1_150' title='bbox 1215 1208 1253 1242; x_wconf 91' lang='lat' dir='ltr'><strong>in</strong></span> <span class='ocrx_word' id='word_1_151' title='bbox 1279 1218 1350 1250; x_wconf 85' lang='lat' dir='ltr'><strong>qua</strong></span> <span class='ocrx_word' id='word_1_152' title='bbox 1384 1208 1428 1242; x_wconf 88' lang='lat' dir='ltr'><strong>de</strong></span> <span class='ocrx_word' id='word_1_153' title='bbox 1453 1208 1553 1242; x_wconf 88' lang='lat' dir='ltr'><strong>Poti—</strong></span> 
     </span>
     <span class='ocr_line' id='line_1_18' title="bbox 209 1265 1554 1310; baseline 0.001 -10"><span class='ocrx_word' id='word_1_154' title='bbox 209 1265 349 1301; x_wconf 87' lang='lat' dir='ltr'><strong>daeatis</strong></span> <span class='ocrx_word' id='word_1_155' title='bbox 389 1265 521 1310; x_wconf 81' lang='lat' dir='ltr'><strong>agitur,</strong></span> <span class='ocrx_word' id='word_1_156' title='bbox 560 1265 689 1309; x_wconf 90' lang='lat' dir='ltr'><strong>quibus</strong></span> <span class='ocrx_word' id='word_1_157' title='bbox 723 1266 962 1302; x_wconf 88' lang='lat' dir='ltr'><strong>Athenienses</strong></span> <span class='ocrx_word' id='word_1_158' title='bbox 1000 1265 1208 1302; x_wconf 88' lang='lat' dir='ltr'><strong>obsessione</strong></span> <span class='ocrx_word' id='word_1_159' title='bbox 1246 1269 1385 1301; x_wconf 78' lang='lat' dir='ltr'><strong>tantam</strong></span> <span class='ocrx_word' id='word_1_160' title='bbox 1424 1266 1554 1301; x_wconf 87' lang='lat' dir='ltr'><strong>famem</strong></span> 
     </span>
     <span class='ocr_line' id='line_1_19' title="bbox 209 1324 1556 1369; baseline 0 -10"><span class='ocrx_word' id='word_1_161' title='bbox 209 1324 423 1369; x_wconf 85' lang='lat' dir='ltr'><strong>intulerunt,</strong></span> <span class='ocrx_word' id='word_1_162' title='bbox 466 1328 507 1359; x_wconf 90' lang='lat' dir='ltr'><strong>ut</strong></span> <span class='ocrx_word' id='word_1_163' title='bbox 546 1324 644 1361; x_wconf 86' lang='lat' dir='ltr'><strong>cives</strong></span> <span class='ocrx_word' id='word_1_164' title='bbox 683 1324 816 1360; x_wconf 82' lang='lat' dir='ltr'><strong>civium</strong></span> <span class='ocrx_word' id='word_1_165' title='bbox 855 1335 984 1361; x_wconf 81' lang='lat' dir='ltr'><strong>earnes</strong></span> <span class='ocrx_word' id='word_1_166' title='bbox 1017 1325 1173 1369; x_wconf 82' lang='lat' dir='ltr'><strong>ederent,</strong></span> <span class='ocrx_word' id='word_1_167' title='bbox 1216 1324 1370 1369; x_wconf 86' lang='lat' dir='ltr'><strong>legimus</strong></span> <span class='ocrx_word' id='word_1_168' title='bbox 1408 1325 1479 1361; x_wconf 88' lang='lat' dir='ltr'><strong>vol.</strong></span> <span class='ocrx_word' id='word_1_169' title='bbox 1504 1325 1556 1361; x_wconf 91' lang='lat' dir='ltr'><strong>VI</strong></span> 
     </span>
     <span class='ocr_line' id='line_1_20' title="bbox 209 1377 1555 1430; baseline 0.001 -13"><span class='ocrx_word' id='word_1_170' title='bbox 209 1383 297 1417; x_wconf 85' lang='lat' dir='ltr'><strong>decl.</strong></span> <span class='ocrx_word' id='word_1_171' title='bbox 325 1383 419 1417; x_wconf 93' lang='lat' dir='ltr'>XIII</span> <span class='ocrx_word' id='word_1_172' title='bbox 446 1383 465 1427; x_wconf 69' lang='grc' dir='ltr'>ξ</span> <span class='ocrx_word' id='word_1_173' title='bbox 492 1384 538 1417; x_wconf 82' lang='grc'><strong>56</strong></span> <span class='ocrx_word' id='word_1_174' title='bbox 564 1383 613 1417; x_wconf 77' lang='lat' dir='ltr'><strong>F:</strong></span> <span class='ocrx_word' id='word_1_175' title='bbox 661 1381 748 1419; x_wconf 74' lang='grc' dir='ltr'><strong><em>ου’δὲ</em></strong></span> <span class='ocrx_word' id='word_1_176' title='bbox 785 1382 990 1429; x_wconf 81' lang='grc' dir='ltr'><strong><em>Καμβύσης</em></strong></span> <span class='ocrx_word' id='word_1_177' title='bbox 1028 1382 1081 1423; x_wconf 87' lang='grc' dir='ltr'><strong>εἰς</strong></span> <span class='ocrx_word' id='word_1_178' title='bbox 1122 1385 1295 1418; x_wconf 85' lang='grc' dir='ltr'><strong><em>τοσοῦτον</em></strong></span> <span class='ocrx_word' id='word_1_179' title='bbox 1339 1377 1435 1430; x_wconf 79' lang='grc' dir='ltr'><strong><em>ἧκεν,</em></strong></span> <span class='ocrx_word' id='word_1_180' title='bbox 1479 1381 1555 1418; x_wconf 76' lang='grc' dir='ltr'><strong><em>ἀλλ’</em></strong></span> 
     </span>
     <span class='ocr_line' id='line_1_21' title="bbox 210 1439 1555 1489; baseline 0.001 -14"><span class='ocrx_word' id='word_1_181' title='bbox 210 1439 344 1476; x_wconf 81' lang='grc' dir='ltr'><strong><em>ἐκεῖνον</em></strong></span> <span class='ocrx_word' id='word_1_182' title='bbox 371 1439 410 1485; x_wconf 78' lang='grc' dir='ltr'><strong>ἐξ</strong></span> <span class='ocrx_word' id='word_1_183' title='bbox 436 1439 639 1477; x_wconf 74' lang='grc' dir='ltr'><strong><em>Αἰθιόπων</em></strong></span> <span class='ocrx_word' id='word_1_184' title='bbox 665 1439 884 1489; x_wconf 80' lang='grc' dir='ltr'><strong><em>ἐπανήγαγεν</em></strong></span> <span class='ocrx_word' id='word_1_185' title='bbox 915 1439 1113 1489; x_wconf 77' lang='grc' dir='ltr'><strong><em>ἀρχόμενον</em></strong></span> <span class='ocrx_word' id='word_1_186' title='bbox 1138 1443 1304 1477; x_wconf 84' lang='grc' dir='ltr'><strong><em>τοιοῦτον</em></strong></span> <span class='ocrx_word' id='word_1_187' title='bbox 1334 1439 1442 1477; x_wconf 86' lang='grc' dir='ltr'><strong><em>κακὸν</em></strong></span> <span class='ocrx_word' id='word_1_188' title='bbox 1466 1441 1555 1486; x_wconf 90' lang='grc' dir='ltr'><strong><em>μίαν</em></strong></span> 
     </span>
     <span class='ocr_line' id='line_1_22' title="bbox 208 1498 1554 1548; baseline 0.001 -14"><span class='ocrx_word' id='word_1_189' title='bbox 208 1498 381 1545; x_wconf 70' lang='grc' dir='ltr'><strong><em>γενέσθαι</em></strong></span> <span class='ocrx_word' id='word_1_190' title='bbox 414 1498 585 1547; x_wconf 83' lang='grc' dir='ltr'><strong><em>τοιαύτην</em></strong></span> <span class='ocrx_word' id='word_1_191' title='bbox 618 1499 814 1548; x_wconf 78' lang='grc' dir='ltr'><strong><em>τράπεζαν;</em></strong></span> <span class='ocrx_word' id='word_1_192' title='bbox 859 1501 948 1536; x_wconf 86' lang='lat' dir='ltr'><strong>haec</strong></span> <span class='ocrx_word' id='word_1_193' title='bbox 982 1504 1018 1536; x_wconf 90' lang='lat' dir='ltr'><strong>et</strong></span> <span class='ocrx_word' id='word_1_194' title='bbox 1051 1500 1132 1545; x_wconf 86' lang='lat' dir='ltr'><strong>ipsa</strong></span> <span class='ocrx_word' id='word_1_195' title='bbox 1159 1502 1334 1536; x_wconf 86' lang='lat' dir='ltr'><strong>debentur</strong></span> <span class='ocrx_word' id='word_1_196' title='bbox 1359 1501 1554 1544; x_wconf 85' lang='lat' dir='ltr'><strong>Herodoto,</strong></span> 
     </span>
     <span class='ocr_line' id='line_1_23' title="bbox 206 1558 1554 1603; baseline 0.001 -11"><span class='ocrx_word' id='word_1_197' title='bbox 206 1558 268 1601; x_wconf 90' lang='lat' dir='ltr'><strong>qui</strong></span> <span class='ocrx_word' id='word_1_198' title='bbox 304 1558 362 1593; x_wconf 93' lang='lat' dir='ltr'><strong>III</strong></span> <span class='ocrx_word' id='word_1_199' title='bbox 385 1559 431 1593; x_wconf 82' lang='lat'><strong>25</strong></span> <span class='ocrx_word' id='word_1_200' title='bbox 468 1559 583 1594; x_wconf 87' lang='lat' dir='ltr'><strong>tradit</strong></span> <span class='ocrx_word' id='word_1_201' title='bbox 609 1558 786 1603; x_wconf 85' lang='lat' dir='ltr'><strong>Cambyse</strong></span> <span class='ocrx_word' id='word_1_202' title='bbox 822 1562 949 1594; x_wconf 83' lang='lat' dir='ltr'><strong>eontra</strong></span> <span class='ocrx_word' id='word_1_203' title='bbox 985 1559 1182 1603; x_wconf 87' lang='lat' dir='ltr'><strong>Aethiopes</strong></span> <span class='ocrx_word' id='word_1_204' title='bbox 1217 1558 1383 1603; x_wconf 87' lang='lat' dir='ltr'><strong>profecto</strong></span> <span class='ocrx_word' id='word_1_205' title='bbox 1420 1558 1554 1595; x_wconf 90' lang='lat' dir='ltr'><strong>milites</strong></span> 
     </span>
     <span class='ocr_line' id='line_1_24' title="bbox 207 1616 1556 1663; baseline 0.001 -11"><span class='ocrx_word' id='word_1_206' title='bbox 207 1626 345 1652; x_wconf 88' lang='lat' dir='ltr'><strong>summa</strong></span> <span class='ocrx_word' id='word_1_207' title='bbox 377 1617 471 1653; x_wconf 89' lang='lat' dir='ltr'><strong>fame</strong></span> <span class='ocrx_word' id='word_1_208' title='bbox 498 1628 690 1663; x_wconf 88' lang='lat' dir='ltr'><strong>oppressos</strong></span> <span class='ocrx_word' id='word_1_209' title='bbox 716 1617 997 1654; x_wconf 88' lang='lat' dir='ltr'><strong>commilitonum</strong></span> <span class='ocrx_word' id='word_1_210' title='bbox 1024 1629 1152 1654; x_wconf 84' lang='lat' dir='ltr'><strong>carnes</strong></span> <span class='ocrx_word' id='word_1_211' title='bbox 1178 1618 1310 1654; x_wconf 87' lang='lat' dir='ltr'><strong>edisse:</strong></span> <span class='ocrx_word' id='word_1_212' title='bbox 1346 1617 1427 1654; x_wconf 79' lang='grc' dir='ltr'><strong><em>ἐπεὶ</em></strong></span> <span class='ocrx_word' id='word_1_213' title='bbox 1453 1617 1493 1655; x_wconf 85' lang='grc' dir='ltr'><strong>δὲ</strong></span> <span class='ocrx_word' id='word_1_214' title='bbox 1518 1616 1556 1659; x_wconf 80' lang='grc' dir='ltr'><strong><em>ἐς</em></strong></span> 
     </span>
     <span class='ocr_line' id='line_1_25' title="bbox 206 1674 1556 1724; baseline 0.001 -14"><span class='ocrx_word' id='word_1_215' title='bbox 206 1674 271 1723; x_wconf 81' lang='grc' dir='ltr'><strong>τὴν</strong></span> <span class='ocrx_word' id='word_1_216' title='bbox 304 1675 455 1723; x_wconf 83' lang='grc' dir='ltr'><strong><em>ψάμμον</em></strong></span> <span class='ocrx_word' id='word_1_217' title='bbox 485 1675 671 1718; x_wconf 77' lang='grc' dir='ltr'><strong><em>ἀπίκοντο,</em></strong></span> <span class='ocrx_word' id='word_1_218' title='bbox 706 1675 826 1713; x_wconf 82' lang='grc' dir='ltr'><strong><em>δεινὸν</em></strong></span> <span class='ocrx_word' id='word_1_219' title='bbox 859 1675 962 1724; x_wconf 80' lang='grc' dir='ltr'><strong><em>ἔργον</em></strong></span> <span class='ocrx_word' id='word_1_220' title='bbox 993 1675 1112 1713; x_wconf 79' lang='grc' dir='ltr'><strong><em>αὐτῶν</em></strong></span> <span class='ocrx_word' id='word_1_221' title='bbox 1142 1690 1237 1718; x_wconf 86' lang='grc' dir='ltr'><strong><em>τινες</em></strong></span> <span class='ocrx_word' id='word_1_222' title='bbox 1268 1675 1482 1724; x_wconf 84' lang='grc' dir='ltr'><strong><em>ἐργάσαντο·</em></strong></span> <span class='ocrx_word' id='word_1_223' title='bbox 1517 1676 1556 1712; x_wconf 80' lang='grc' dir='ltr'><strong>ἐκ</strong></span> 
     </span>
     <span class='ocr_line' id='line_1_26' title="bbox 208 1733 1554 1784; baseline 0.001 -14"><span class='ocrx_word' id='word_1_224' title='bbox 208 1733 357 1774; x_wconf 77' lang='grc' dir='ltr'><strong><em>δεκάδος</em></strong></span> <span class='ocrx_word' id='word_1_225' title='bbox 387 1733 456 1782; x_wconf 85' lang='grc' dir='ltr'><strong>γὰρ</strong></span> <span class='ocrx_word' id='word_1_226' title='bbox 482 1733 545 1770; x_wconf 79' lang='grc' dir='ltr'><strong>ἕνα</strong></span> <span class='ocrx_word' id='word_1_227' title='bbox 571 1734 693 1783; x_wconf 84' lang='grc' dir='ltr'><strong><em>σφέων</em></strong></span> <span class='ocrx_word' id='word_1_228' title='bbox 719 1733 838 1771; x_wconf 80' lang='grc' dir='ltr'><strong><em>αὐτῶν</em></strong></span> <span class='ocrx_word' id='word_1_229' title='bbox 863 1733 1187 1784; x_wconf 76' lang='grc' dir='ltr'><strong><em>ἀποκληρώσαντες</em></strong></span> <span class='ocrx_word' id='word_1_230' title='bbox 1220 1734 1434 1784; x_wconf 84' lang='grc' dir='ltr'><strong><em>κατέφαγον.</em></strong></span> <span class='ocrx_word' id='word_1_231' title='bbox 1486 1749 1554 1771; x_wconf 88' lang='grc' dir='ltr'><strong>πυ-</strong></span> 
     </span>
     <span class='ocr_line' id='line_1_27' title="bbox 207 1791 1555 1842; baseline 0.001 -13"><span class='ocrx_word' id='word_1_232' title='bbox 207 1791 366 1837; x_wconf 76' lang='grc' dir='ltr'><strong><em>θόμενος</em></strong></span> <span class='ocrx_word' id='word_1_233' title='bbox 397 1792 438 1828; x_wconf 84' lang='grc' dir='ltr'><strong>δὲ</strong></span> <span class='ocrx_word' id='word_1_234' title='bbox 462 1795 578 1829; x_wconf 89' lang='grc' dir='ltr'><strong><em>ταῦτα</em></strong></span> <span class='ocrx_word' id='word_1_235' title='bbox 612 1792 631 1829; x_wconf 84' lang='grc' dir='ltr'>ὁ</span> <span class='ocrx_word' id='word_1_236' title='bbox 657 1793 862 1841; x_wconf 79' lang='grc' dir='ltr'><strong><em>Καμβύσης</em></strong></span> <span class='ocrx_word' id='word_1_237' title='bbox 887 1793 1013 1835; x_wconf 81' lang='grc' dir='ltr'><strong><em>δείσας</em></strong></span> <span class='ocrx_word' id='word_1_238' title='bbox 1042 1792 1106 1842; x_wconf 79' lang='grc' dir='ltr'><strong>τὴν</strong></span> <span class='ocrx_word' id='word_1_239' title='bbox 1131 1792 1412 1842; x_wconf 72' lang='grc' dir='ltr'><strong><em>ἀλληλοφαγίην,</em></strong></span> <span class='ocrx_word' id='word_1_240' title='bbox 1447 1792 1555 1836; x_wconf 76' lang='grc' dir='ltr'><strong><em>ἀπεὶς</em></strong></span> 
     </span>
     <span class='ocr_line' id='line_1_28' title="bbox 207 1849 1552 1901; baseline 0.001 -15"><span class='ocrx_word' id='word_1_241' title='bbox 207 1849 269 1887; x_wconf 86' lang='grc' dir='ltr'><strong>τὸν</strong></span> <span class='ocrx_word' id='word_1_242' title='bbox 294 1850 352 1887; x_wconf 74' lang='grc' dir='ltr'><strong>ἐπ’</strong></span> <span class='ocrx_word' id='word_1_243' title='bbox 377 1850 573 1893; x_wconf 71' lang='grc' dir='ltr'><strong><em>Αἰθίοπας</em></strong></span> <span class='ocrx_word' id='word_1_244' title='bbox 599 1850 727 1888; x_wconf 88' lang='grc' dir='ltr'><strong><em>στόλον</em></strong></span> <span class='ocrx_word' id='word_1_245' title='bbox 752 1851 872 1889; x_wconf 80' lang='grc' dir='ltr'><strong><em>ὀπίσω</em></strong></span> <span class='ocrx_word' id='word_1_246' title='bbox 898 1851 1093 1901; x_wconf 79' lang='grc' dir='ltr'><strong><em>ἐπορεύετο</em></strong></span> <span class='ocrx_word' id='word_1_247' title='bbox 1118 1854 1193 1889; x_wconf 90' lang='grc' dir='ltr'><strong><em>κτλ.</em></strong></span> <span class='ocrx_word' id='word_1_248' title='bbox 1227 1874 1271 1879; x_wconf 87' lang='lat'><strong>—-</strong></span> <span class='ocrx_word' id='word_1_249' title='bbox 1304 1853 1407 1898; x_wconf 83' lang='lat' dir='ltr'><strong>Quod</strong></span> <span class='ocrx_word' id='word_1_250' title='bbox 1437 1854 1475 1888; x_wconf 92' lang='lat' dir='ltr'><strong>in</strong></span> <span class='ocrx_word' id='word_1_251' title='bbox 1502 1865 1552 1889; x_wconf 91' lang='lat' dir='ltr'><strong>or.</strong></span> 
     </span>
     <span class='ocr_line' id='line_1_29' title="bbox 207 1908 1554 1959; baseline 0.001 -15"><span class='ocrx_word' id='word_1_252' title='bbox 207 1910 295 1944; x_wconf 91' lang='lat' dir='ltr'><strong>LIX</strong></span> <span class='ocrx_word' id='word_1_253' title='bbox 321 1910 367 1944; x_wconf 85' lang='lat'><strong>65</strong></span> <span class='ocrx_word' id='word_1_254' title='bbox 394 1910 502 1945; x_wconf 81' lang='lat' dir='ltr'><strong>dicit:</strong></span> <span class='ocrx_word' id='word_1_255' title='bbox 545 1908 685 1946; x_wconf 81' lang='grc' dir='ltr'><strong><em>ἀκούων</em></strong></span> <span class='ocrx_word' id='word_1_256' title='bbox 716 1910 756 1947; x_wconf 85' lang='grc' dir='ltr'><strong>δὲ</strong></span> <span class='ocrx_word' id='word_1_257' title='bbox 789 1910 886 1957; x_wconf 82' lang='lat' dir='ltr'><strong>(scil.</strong></span> <span class='ocrx_word' id='word_1_258' title='bbox 920 1910 939 1945; x_wconf 85' lang='grc' dir='ltr'>ὁ</span> <span class='ocrx_word' id='word_1_259' title='bbox 965 1912 1036 1946; x_wconf 82' lang='grc' dir='ltr'><strong>τῶν</strong></span> <span class='ocrx_word' id='word_1_260' title='bbox 1063 1912 1217 1959; x_wconf 83' lang='grc' dir='ltr'><strong><em>Περσῶν</em></strong></span> <span class='ocrx_word' id='word_1_261' title='bbox 1241 1909 1434 1957; x_wconf 78' lang='grc' dir='ltr'><strong><em>βασιλεὺς)</em></strong></span> <span class='ocrx_word' id='word_1_262' title='bbox 1468 1910 1554 1951; x_wconf 80' lang='grc' dir='ltr'><strong><em>τοὺς</em></strong></span> 
     </span>
     <span class='ocr_line' id='line_1_30' title="bbox 208 1966 1554 2017; baseline 0.002 -14"><span class='ocrx_word' id='word_1_263' title='bbox 208 1967 407 2016; x_wconf 85' lang='grc' dir='ltr'><strong><em>προγόνους</em></strong></span> <span class='ocrx_word' id='word_1_264' title='bbox 432 1966 564 2004; x_wconf 78' lang='grc' dir='ltr'><strong><em>ἑαυτοῦ</em></strong></span> <span class='ocrx_word' id='word_1_265' title='bbox 589 1971 748 2017; x_wconf 86' lang='grc' dir='ltr'><strong><em>Δαρεῖον</em></strong></span> <span class='ocrx_word' id='word_1_266' title='bbox 777 1970 837 2006; x_wconf 82' lang='grc' dir='ltr'><strong><em>καὶ</em></strong></span> <span class='ocrx_word' id='word_1_267' title='bbox 863 1968 1002 2017; x_wconf 78' lang='grc' dir='ltr'><strong><em>Ξέρξην</em></strong></span> <span class='ocrx_word' id='word_1_268' title='bbox 1035 1967 1130 2006; x_wconf 78' lang='grc' dir='ltr'><strong><em>ἔτεσι</em></strong></span> <span class='ocrx_word' id='word_1_269' title='bbox 1156 1969 1242 2006; x_wconf 85' lang='grc' dir='ltr'><strong><em>δέκα</em></strong></span> <span class='ocrx_word' id='word_1_270' title='bbox 1275 1967 1339 2017; x_wconf 78' lang='grc' dir='ltr'><strong>τὴν</strong></span> <span class='ocrx_word' id='word_1_271' title='bbox 1369 1968 1459 2006; x_wconf 86' lang='grc' dir='ltr'><strong><em>κατὰ</em></strong></span> <span class='ocrx_word' id='word_1_272' title='bbox 1483 1971 1554 2006; x_wconf 83' lang='grc' dir='ltr'><strong>τῶν</strong></span> 
     </span>
     <span class='ocr_line' id='line_1_31' title="bbox 206 2025 1552 2075; baseline 0.002 -14"><span class='ocrx_word' id='word_1_273' title='bbox 206 2025 383 2074; x_wconf 78' lang='grc' dir='ltr'><strong><em>Ἑλλήνων</em></strong></span> <span class='ocrx_word' id='word_1_274' title='bbox 423 2028 598 2075; x_wconf 80' lang='grc' dir='ltr'><strong><em>μετρῆσαι</em></strong></span> <span class='ocrx_word' id='word_1_275' title='bbox 640 2026 881 2075; x_wconf 79' lang='grc' dir='ltr'><strong><em>παρασκευήν,</em></strong></span> <span class='ocrx_word' id='word_1_276' title='bbox 941 2028 1035 2063; x_wconf 88' lang='lat' dir='ltr'><strong>hunc</strong></span> <span class='ocrx_word' id='word_1_277' title='bbox 1077 2039 1262 2064; x_wconf 88' lang='lat' dir='ltr'><strong>numerum</strong></span> <span class='ocrx_word' id='word_1_278' title='bbox 1305 2029 1402 2064; x_wconf 86' lang='lat' dir='ltr'><strong>haud</strong></span> <span class='ocrx_word' id='word_1_279' title='bbox 1445 2029 1552 2064; x_wconf 89' lang='lat' dir='ltr'><strong>dubie</strong></span> 
     </span>
     <span class='ocr_line' id='line_1_32' title="bbox 207 2085 1553 2131; baseline 0.001 -10"><span class='ocrx_word' id='word_1_280' title='bbox 207 2085 390 2122; x_wconf 90' lang='lat' dir='ltr'><strong>Herodoto</strong></span> <span class='ocrx_word' id='word_1_281' title='bbox 430 2086 545 2131; x_wconf 88' lang='lat' dir='ltr'><strong>debet,</strong></span> <span class='ocrx_word' id='word_1_282' title='bbox 585 2086 645 2130; x_wconf 89' lang='lat' dir='ltr'><strong>qui</strong></span> <span class='ocrx_word' id='word_1_283' title='bbox 679 2086 793 2123; x_wconf 90' lang='lat' dir='ltr'><strong>tradit</strong></span> <span class='ocrx_word' id='word_1_284' title='bbox 831 2086 903 2124; x_wconf 93' lang='lat' dir='ltr'><strong>VII</strong></span> <span class='ocrx_word' id='word_1_285' title='bbox 931 2087 949 2122; x_wconf 92' lang='lat'>1</span> <span class='ocrx_word' id='word_1_286' title='bbox 990 2087 1149 2123; x_wconf 85' lang='lat' dir='ltr'><strong>Dareum</strong></span> <span class='ocrx_word' id='word_1_287' title='bbox 1188 2090 1274 2123; x_wconf 88' lang='lat' dir='ltr'><strong>ante</strong></span> <span class='ocrx_word' id='word_1_288' title='bbox 1313 2087 1553 2123; x_wconf 85' lang='lat' dir='ltr'><strong>defectionem</strong></span> 
     </span>
     <span class='ocr_line' id='line_1_33' title="bbox 207 2144 1552 2190; baseline 0.001 -11"><span class='ocrx_word' id='word_1_289' title='bbox 207 2144 475 2190; x_wconf 86' lang='lat' dir='ltr'><strong>Aegyptiorum·</strong></span> <span class='ocrx_word' id='word_1_290' title='bbox 503 2148 577 2181; x_wconf 89' lang='lat' dir='ltr'><strong>tres</strong></span> <span class='ocrx_word' id='word_1_291' title='bbox 611 2156 724 2181; x_wconf 90' lang='lat' dir='ltr'><strong>annos</strong></span> <span class='ocrx_word' id='word_1_292' title='bbox 756 2145 890 2181; x_wconf 90' lang='lat' dir='ltr'><strong>bellum</strong></span> <span class='ocrx_word' id='word_1_293' title='bbox 920 2156 1000 2181; x_wconf 86' lang='lat' dir='ltr'><strong>eum</strong></span> <span class='ocrx_word' id='word_1_294' title='bbox 1032 2146 1185 2181; x_wconf 85' lang='lat' dir='ltr'><strong>Graecis</strong></span> <span class='ocrx_word' id='word_1_295' title='bbox 1215 2146 1411 2190; x_wconf 86' lang='lat' dir='ltr'><strong>gerendum</strong></span> <span class='ocrx_word' id='word_1_296' title='bbox 1444 2156 1552 2190; x_wconf 87' lang='lat' dir='ltr'><strong>para—</strong></span> 
     </span>
     <span class='ocr_line' id='line_1_34' title="bbox 207 2203 1552 2249; baseline 0.001 -11"><span class='ocrx_word' id='word_1_297' title='bbox 207 2203 304 2239; x_wconf 88' lang='lat' dir='ltr'><strong>visse</strong></span> <span class='ocrx_word' id='word_1_298' title='bbox 338 2206 374 2239; x_wconf 88' lang='lat' dir='ltr'><strong>et</strong></span> <span class='ocrx_word' id='word_1_299' title='bbox 408 2207 537 2247; x_wconf 89' lang='lat' dir='ltr'><strong>quarto</strong></span> <span class='ocrx_word' id='word_1_300' title='bbox 571 2214 665 2239; x_wconf 88' lang='lat' dir='ltr'><strong>anno</strong></span> <span class='ocrx_word' id='word_1_301' title='bbox 700 2214 741 2239; x_wconf 90' lang='lat' dir='ltr'><strong>eo</strong></span> <span class='ocrx_word' id='word_1_302' title='bbox 775 2203 907 2248; x_wconf 84' lang='lat' dir='ltr'><strong>acrius,</strong></span> <span class='ocrx_word' id='word_1_303' title='bbox 943 2204 1037 2247; x_wconf 91' lang='lat' dir='ltr'><strong>quod</strong></span> <span class='ocrx_word' id='word_1_304' title='bbox 1070 2204 1179 2239; x_wconf 86' lang='lat' dir='ltr'><strong>etiam</strong></span> <span class='ocrx_word' id='word_1_305' title='bbox 1206 2203 1383 2249; x_wconf 85' lang='lat' dir='ltr'><strong>Aegyptii</strong></span> <span class='ocrx_word' id='word_1_306' title='bbox 1417 2204 1455 2239; x_wconf 91' lang='lat' dir='ltr'><strong>in</strong></span> <span class='ocrx_word' id='word_1_307' title='bbox 1488 2215 1552 2248; x_wconf 92' lang='lat' dir='ltr'><strong>po-</strong></span> 
     </span>
     <span class='ocr_line' id='line_1_35' title="bbox 207 2261 1553 2307; baseline 0.001 -11"><span class='ocrx_word' id='word_1_308' title='bbox 207 2263 377 2297; x_wconf 87' lang='lat' dir='ltr'><strong>testatem</strong></span> <span class='ocrx_word' id='word_1_309' title='bbox 422 2262 611 2307; x_wconf 87' lang='lat' dir='ltr'><strong>redigendi</strong></span> <span class='ocrx_word' id='word_1_310' title='bbox 658 2262 828 2306; x_wconf 86' lang='lat' dir='ltr'><strong>fuissent,</strong></span> <span class='ocrx_word' id='word_1_311' title='bbox 885 2265 921 2297; x_wconf 92' lang='lat' dir='ltr'><strong>et</strong></span> <span class='ocrx_word' id='word_1_312' title='bbox 962 2261 1035 2298; x_wconf 92' lang='lat' dir='ltr'><strong>VII</strong></span> <span class='ocrx_word' id='word_1_313' title='bbox 1069 2262 1091 2297; x_wconf 91' lang='lat'>4</span> <span class='ocrx_word' id='word_1_314' title='bbox 1130 2262 1288 2297; x_wconf 87' lang='lat' dir='ltr'><strong>Dareum</strong></span> <span class='ocrx_word' id='word_1_315' title='bbox 1327 2272 1421 2297; x_wconf 88' lang='lat' dir='ltr'><strong>anno</strong></span> <span class='ocrx_word' id='word_1_316' title='bbox 1470 2267 1553 2307; x_wconf 88' lang='lat' dir='ltr'><strong>post</strong></span> 
     </span>
     <span class='ocr_line' id='line_1_36' title="bbox 208 2319 1554 2367; baseline 0.001 -12"><span class='ocrx_word' id='word_1_317' title='bbox 208 2319 472 2366; x_wconf 85' lang='lat' dir='ltr'><strong>Aegyptiorum</strong></span> <span class='ocrx_word' id='word_1_318' title='bbox 506 2320 745 2357; x_wconf 85' lang='lat' dir='ltr'><strong>defectionem</strong></span> <span class='ocrx_word' id='word_1_319' title='bbox 784 2321 919 2356; x_wconf 92' lang='lat' dir='ltr'><strong>bellum</strong></span> <span class='ocrx_word' id='word_1_320' title='bbox 952 2325 1141 2365; x_wconf 84' lang='lat' dir='ltr'><strong>parantem</strong></span> <span class='ocrx_word' id='word_1_321' title='bbox 1183 2324 1361 2356; x_wconf 91' lang='lat' dir='ltr'><strong>mortuum</strong></span> <span class='ocrx_word' id='word_1_322' title='bbox 1398 2332 1476 2367; x_wconf 86' lang='lat' dir='ltr'><strong>esse</strong></span> <span class='ocrx_word' id='word_1_323' title='bbox 1518 2326 1554 2357; x_wconf 89' lang='lat' dir='ltr'><strong>et</strong></span> 
     </span>
    </p>
   </div>
   <div class='ocr_carea' id='block_1_2' title="bbox 209 2400 418 2404">
    <p class='ocr_par' dir='ltr' id='par_1_3' title="bbox 209 2400 418 2404">
     <span class='ocr_line' id='line_1_37' title="bbox 209 2400 418 2404; baseline 0 0"><span class='ocrx_word' id='word_1_324' title='bbox 209 2400 418 2404; x_wconf 95' lang='lat' dir='ltr'><strong> </strong></span> 
     </span>
    </p>
   </div>
   <div class='ocr_carea' id='block_1_3' title="bbox 309 2437 714 2475">
    <p class='ocr_par' dir='ltr' id='par_1_4' title="bbox 309 2437 714 2475">
     <span class='ocr_line' id='line_1_38' title="bbox 309 2437 714 2475; baseline -0.002 -7"><span class='ocrx_word' id='word_1_325' title='bbox 309 2437 330 2475; x_wconf 90' lang='lat'><strong>¹)</strong></span> <span class='ocrx_word' id='word_1_326' title='bbox 352 2438 417 2468; x_wconf 91' lang='lat' dir='ltr'><strong>Vol.</strong></span> <span class='ocrx_word' id='word_1_327' title='bbox 440 2437 483 2467; x_wconf 93' lang='lat' dir='ltr'><strong>IV</strong></span> <span class='ocrx_word' id='word_1_328' title='bbox 503 2438 659 2468; x_wconf 83' lang='lat'><strong>348—373</strong></span> <span class='ocrx_word' id='word_1_329' title='bbox 679 2438 714 2468; x_wconf 89' lang='lat' dir='ltr'><strong>R.</strong></span> 
     </span>
    </p>
   </div>
   <div class='ocr_carea' id='block_1_4' title="bbox 267 2509 1437 2545">
    <p class='ocr_par' dir='ltr' id='par_1_5' title="bbox 267 2509 1437 2545">
     <span class='ocr_line' id='line_1_39' title="bbox 267 2509 1437 2545; baseline 0 -7"><span class='ocrx_word' id='word_1_330' title='bbox 267 2515 417 2545; x_wconf 78' lang='lat' dir='ltr'><strong>Weruer,</strong></span> <span class='ocrx_word' id='word_1_331' title='bbox 439 2516 477 2540; x_wconf 79' lang='lat' dir='ltr'><strong>De</strong></span> <span class='ocrx_word' id='word_1_332' title='bbox 493 2516 603 2540; x_wconf 77' lang='lat' dir='ltr'><strong>Libanii</strong></span> <span class='ocrx_word' id='word_1_333' title='bbox 619 2516 715 2540; x_wconf 74' lang='lat' dir='ltr'><strong>studiis</strong></span> <span class='ocrx_word' id='word_1_334' title='bbox 732 2516 891 2540; x_wconf 75' lang='lat' dir='ltr'><strong>Herodoteia</strong></span> <span class='ocrx_word' id='word_1_335' title='bbox 1418 2509 1437 2538; x_wconf 84' lang='lat'><strong>3</strong></span> 
     </span>
    </p>
   </div>
  </div>
 </body>
</html>
