1848 2929
887 212 935 248 30

330 327 372 363 In
413 327 576 364 oratione
590 327 614 375 ¹)
654 328 798 373 XVIII,
839 340 930 373 quae
970 329 1184 365 inscribitur
1218 327 1479 378 Ἐπιτάφιος
1513 329 1584 366 ἐπὶ

230 385 467 433 Ἰουλιανῷ,
490 387 668 423 Libanius
687 388 707 432 ξ
727 388 797 423 295
816 389 905 424 haec
923 389 1030 424 dicit:
1059 386 1150 423 οἷλλοέ
1169 390 1308 424 Λυδῶν
1325 388 1391 434 μὲν
1409 390 1584 435 βασιλεῖς,

232 440 261 480 ὦ
292 446 382 485 Ζεῦ,
419 444 565 494 σπέρμα
600 445 721 492 Γύγου
754 445 817 494 τὴν
852 450 956 496 χεῖρα
991 446 1034 483 οὐ
1069 448 1254 495 καθαροῦ,
1290 446 1308 483 ὁ
1334 446 1401 492 μὲν
1435 446 1488 488 εἰς
1523 446 1584 495 ἐτη

231 505 419 551 προῆλθεν
451 504 552 540 ἐννέα
585 507 645 541 καὶ
680 504 890 551 τριάκοντα,
925 506 943 541 ό
976 505 1016 542 δὲ
1050 505 1102 546 εἷς
1134 504 1226 541 ἑπτὰ
1261 506 1321 541 καὶ
1353 505 1583 554 πεντήκοντα,

231 563 290 598 καὶ
326 560 436 603 αὐτὸς
472 562 510 598 δὲ,
549 561 683 603 ἐκεῖνος
718 562 737 598 ὁ
772 563 952 612 δυσσεβὴς
989 562 1194 611 δορυφόρος
1230 563 1284 605 εἷς
1319 566 1421 600 δυοῖν
1456 563 1584 600 δέοντα

230 619 512 669 τετταράκοντα,
552 616 668 667 τούτῳ
709 621 748 658 δὲ
788 622 880 668 (scil.
910 621 1103 669 Ἰουλιανῷ)
1142 621 1267 670 τρίτου
1306 621 1584 670 προσάψασθαι

230 677 342 723 μόνον
369 678 432 715 ἐπὶ
459 681 524 714 τοῦ
554 679 721 724 μείζονος
750 679 888 727 θρόνου
915 681 1085 722 δέδοικας,
1113 679 1153 716 ὃν
1179 680 1252 717 ε”δει
1280 680 1458 722 πλείονος,
1486 680 1519 716 εἰ
1545 681 1584 717 δὲ

230 735 291 786 μή.
324 736 431 786 μήτοι
464 750 499 783 γε
529 736 719 780 ἐλάττονος
754 736 774 786 ἢ
803 741 926 787 Κῦρον
957 738 1019 775 τὸν
1050 738 1161 786 μέγαν
1192 738 1345 784 α’ξιιῦσαι
1382 738 1514 788 χρόνου
1539 737 1585 775 τὰ

230 795 399 845 πατέρων
425 798 485 833 καὶ
512 796 621 834 αὐτὸν
648 796 741 845 πρὸς
766 796 852 839 τούς
878 797 1102 846 ἀρχομένους
1128 798 1357 847 τετηρηκότα.
1401 800 1479 835 Hoc
1505 800 1584 835 loco

230 866 513 892 commemorans
556 855 575 891 ὁ
614 857 680 901 μὲν
723 855 776 897 εἰς
815 855 877 904 ἐτη
916 858 1103 905 προῆλθεν
1142 856 1251 894 ἐννέα
1285 859 1345 894 καὶ
1389 856 1584 905 τριάκοντα

229 914 408 950 Libanius
444 915 523 950 sine
558 915 665 950 dubio
698 915 812 950 filium
847 915 979 961 Gygis‚
1017 916 1119 951 illum
1146 916 1273 962 Ardyn
1305 916 1504 961 signifieat,
1541 917 1584 952 de

230 984 299 1016 quo
343 973 550 1009 Herodotus
593 974 682 1009 dicit
721 975 738 1009 I
776 975 840 1009 16:
889 973 1047 1022 ’Ἁρδυος
1091 975 1128 1011 δὲ
1173 973 1459 1021 βασιλεύσαντος
1505 973 1584 1016 ἑνὸς

229 1031 358 1069 δέοντα
394 1031 617 1081 πεντήκοντα
656 1031 755 1077 efrem
809 1043 920 1077 quare
964 1044 1042 1070 oum
1079 1034 1273 1070 Foerstero
1286 1033 1313 1082 2)
1351 1034 1448 1071 facio
1488 1035 1612 1085 apud⁴

230 1091 425 1126 Libanium
452 1102 517 1135 pro
544 1090 740 1139 τριάκοντα
766 1092 994 1128 scribendum
1022 1103 1099 1128 esse
1125 1091 1391 1140 τετταράκοντα
1417 1097 1585 1129 censente

228 1150 350 1194 potius
377 1161 483 1194 quam
515 1152 735 1195 „memoriam
763 1152 958 1187 destituisse
983 1152 1208 1196 Libanium“,
1243 1152 1411 1196 quoniam
1445 1156 1583 1188 ceteros

229 1220 404 1244 annorum
430 1220 597 1245 numeros
624 1210 688 1245 illo
708 1211 786 1246 loco
815 1214 961 1246 exactos
989 1222 1032 1245 ex
1051 1211 1334 1247 Halicarnasseo
1362 1211 1584 1256 deprompsit

228 1267 282 1303 ita
325 1270 366 1303 ut
404 1268 470 1304 illa
504 1279 720 1313 componens
759 1269 865 1305 huius
903 1269 1089 1305 Historias
1128 1273 1212 1306 ante
1248 1270 1369 1306 oculos
1412 1270 1582 1306 habuisse

228 1326 405 1362 videatur.
465 1328 588 1363 Verba
627 1327 645 1362 ό
683 1328 721 1364 δὲ
759 1327 812 1368 εἰς
847 1326 939 1363 ἑπτὰ
976 1330 1034 1364 καὶ
1073 1327 1293 1376 πεντήκοντα
1331 1332 1497 1373 spectant
1535 1330 1582 1364 ad

231 1385 432 1430 Alyattem,
470 1385 605 1431 Ardyis
640 1390 821 1431 nepotem,
862 1397 965 1430 quem
1000 1387 1264 1432 quinquaginta
1298 1391 1434 1432 septem
1469 1398 1581 1423 annos

229 1444 443 1488 regnavisse
483 1445 688 1480 Herodotus
729 1449 855 1481 narrat
891 1446 908 1480 Ι
936 1446 991 1481 25.
1045 1447 1210 1482 Iamvero
1248 1448 1360 1483 verba
1396 1444 1505 1488 αὐτὸς
1541 1446 1581 1483 δὲ

229 1501 363 1544 ἐκεῖνος
394 1501 412 1538 ὁ
442 1501 621 1551 δυσσεβὴς
648 1502 855 1552 δορυφόρος
880 1503 933 1545 εἷς
960 1507 1062 1541 δυοῖν
1089 1503 1217 1542 δέοντα
1242 1504 1507 1553 τετταράκοντα
1534 1506 1581 1541 ad

228 1562 368 1606 Gygem
407 1562 524 1606 ipsum
561 1563 754 1598 referenda
791 1566 889 1607 sunt,
929 1574 1032 1606 quem
1069 1565 1430 1609 duodequadraginta
1466 1575 1580 1600 annos

228 1620 441 1664 regnavisse
477 1620 782 1656 Halicarnasseus
816 1622 834 1656 I
864 1622 918 1666 14,
939 1622 960 1656 3
994 1622 1189 1657 memoriae
1228 1622 1406 1666 prodidit;
1457 1623 1580 1667 Gyges

227 1678 333 1722 enim,
368 1679 578 1723 priusquam
606 1679 789 1715 Candaule
825 1679 1020 1716 interfecto
1057 1684 1092 1716 et
1118 1691 1229 1716 uxore
1264 1681 1341 1716 eius
1381 1681 1419 1716 in
1454 1681 1580 1716 matri-

227 1737 384 1772 monium
413 1738 519 1773 duota
551 1749 663 1783 regno
683 1739 820 1782 potitus
849 1743 943 1774 esset
971 1740 1070 1786 (Her.
1091 1740 1108 1774 I
1130 1740 1199 1785 12),
1228 1739 1433 1789 δορυφόρος
1460 1740 1582 1776 fuerat

227 1796 516 1841 Heraclidarum‚
545 1797 582 1832 id
609 1799 703 1842 quod
730 1798 882 1843 legimus
910 1799 994 1834 Her.
1023 1799 1042 1834 I
1068 1800 1129 1834 91:
1160 1802 1319 1847 Κροῖσος
1345 1800 1384 1836 δὲ
1411 1799 1580 1845 πέμπτου

226 1854 347 1900 γονέος
386 1855 581 1903 ἁμαρτάδα
621 1855 812 1904 ἐξέπλησε,
852 1856 891 1899 ὃς
930 1857 998 1893 ἐὼν
1033 1857 1280 1906 δορυφόρος
1315 1859 1581 1906 Ἡρακλειδέων

228 1913 322 1960 δόλῳ
350 1914 545 1961 γυναικηίῳ
566 1914 812 1961 ἐπισπόμενος
831 1915 1001 1964 ἐφόνευσε
1026 1915 1088 1952 τὸν
1112 1916 1302 1954 δεσπότεα.
1330 1917 1481 1964 (Eadem
1499 1919 1581 1953 rhe-

227 1976 285 2007 tor
316 1977 463 2008 revocat
495 1973 531 2008 in
559 1985 609 2009 or.
631 1975 737 2011 XXV
755 1975 817 2009 69:
863 1974 882 2009 ὁ
909 1974 1038 2016 Λυδὸς
1070 1975 1317 2023 δορυφόρος
1342 1976 1484 2017 κτείνας
1514 1976 1580 2021 μὲν

226 2028 289 2065 τὸν
315 2029 505 2079 δεσπότην,
537 2031 582 2067 τὰ
615 2031 646 2067 δ’
673 2031 810 2068 ἐκείνου
836 2032 1068 2081 κτησάμενος,
1100 2032 1164 2082 τήν
1192 2048 1229 2070 τε
1254 2037 1404 2080 γυναῖκα
1429 2036 1489 2071 καὶ
1516 2033 1580 2083 τὴν

227 2087 403 2137 οἷρχήν3).)
455 2091 544 2125 Tum
572 2091 635 2126 illo
663 2092 740 2127 loco
769 2093 892 2128 dicens
924 2091 964 2128 ὃν
990 2092 1062 2130 ἔδει
1091 2093 1268 2136 πλείονος,
1301 2093 1334 2129 εἰ
1360 2094 1397 2131 δὲ
1425 2092 1486 2142 μή,
1512 2092 1578 2142 μή-

328 2217 348 2253 ¹)
371 2217 546 2246 Sententias
576 2220 607 2246 et
633 2226 695 2253 res,
728 2227 803 2254 quae
832 2220 862 2248 in
890 2221 1220 2250 orationibus.Libanii
1249 2223 1280 2250 et
1309 2221 1580 2251 declamationibus

225 2265 343 2294 I—XII
365 2265 520 2294 Herodoto
542 2265 699 2302 debentur,
722 2275 822 2296 omnes
841 2267 905 2296 fere
927 2269 985 2297 iam
1002 2269 1143 2298 Foerster
1165 2269 1194 2298 in
1217 2270 1349 2299 editione
1371 2270 1539 2299 adnotavit.

326 2315 348 2352 ²)
374 2315 436 2345 Lib.
460 2324 525 2352 opp.
548 2315 606 2346 Vol.
623 2316 653 2344 ll
686 2324 712 2352 p.
729 2317 796 2351 365,
829 2317 931 2347 adnot..
954 2318 991 2346 ad
1024 2319 1042 2347 l.
1060 2319 1112 2348 1οῖ
1155 2317 1385 2358 ,ἐτετταρᾶκοντα
1417 2328 1452 2348 ex
1481 2319 1579 2349 Hero-

225 2364 296 2393 doto
316 2364 505 2393 scribendum
527 2365 597 2399 erit,
631 2365 668 2401 cf.
693 2365 773 2394 Mus.
796 2365 889 2396 Rhen.
912 2366 1053 2396 XXXII
1071 2369 1118 2405 92,
1139 2368 1200 2397 nisi
1221 2370 1392 2398 memoriam
1413 2368 1580 2398 destituisse

224 2412 391 2442 Libanium
413 2417 544 2443 statuere
565 2415 686 2443 mavis“.

324 2462 347 2499 ²³)
369 2462 455 2492 Conf.
483 2463 553 2494 Her.
576 2463 591 2492 I
614 2464 667 2500 12;
705 2462 884 2497 ἀποκτείνας
912 2463 1007 2494 αὑτὸν
1036 2465 1110 2501 (scil.
1135 2465 1323 2502 Κανδαύλεα)
1353 2467 1424 2505 ἔσχε
1451 2470 1499 2496 καὶ
1526 2466 1579 2505 τὴν

226 2515 356 2548 γυναῖκα
377 2515 427 2541 καὶ
448 2511 502 2549 τὴν
521 2516 678 2550 βασιληίην
703 2512 806 2552 Γύγης.
