1848 2929
785 232 1014 285 „effle—

230 345 378 392 οἷγῶνα),
413 346 506 394 πρὸς
532 348 810 395 Πελοπόννησον
836 347 932 396 ἶῖλην,
968 347 1009 396 ἣν
1036 344 1116 396 ἧκεν
1143 347 1240 394 ἄγων
1277 346 1502 395 Εὐρυσθεύς,
1534 346 1574 388 ὃς

229 402 328 452 αὐτῷ
363 403 558 454 πράγματα
592 409 765 455 παρεῖχεν
796 405 983 456 ιΗρακλεῖ,
1030 409 1157 443 τοῦτο
1195 406 1238 443 δὲ
1275 404 1338 443 τόν
1373 405 1466 454 ὑπὲρ
1503 406 1575 441 τῶν

229 466 362 512 νεκρῶν
388 464 483 511 πρὸς
509 465 703 512 Θηβαίους,
738 464 873 514 ἄνδρας
898 466 1125 514 ἐπῃρμένους
1155 468 1199 513 τῇ
1225 465 1304 513 νίκῃ
1335 467 1395 502 καὶ
1423 464 1485 502 διὰ
1510 463 1574 512 τήν

228 524 421 570 παροῦσαν
445 521 555 571 τύχην
580 526 732 560 τοιαῦτα
765 523 990 572 ὑβρίζοντας.
1038 526 1121 561 ⁴Hoc
1151 525 1229 561 loco
1262 524 1427 568 sequitur
1457 524 1573 560 Hero-

228 582 361 626 dotum,
389 583 484 626 apud
510 593 612 626 quem
638 583 693 619 IX
720 584 765 618 27
792 583 1030 619 Athenienses
1062 584 1099 619 in
1128 583 1291 620 oratione
1318 584 1364 619 ad
1390 583 1571 628 Tegeatas

227 640 355 676 habita
393 641 526 676 eisdem
564 643 672 677 rebus
711 643 756 678 ab
796 642 885 686 ipsis
924 643 1037 687 gestis
1067 643 1289 687 gloriantur:
1333 644 1461 677 τοῦτο
1494 640 1572 686 μὲν

227 697 378 740 τούτους
412 699 509 746 (scil.
545 698 631 742 τούς
659 699 912 748 ιΗρακλείδας)
953 700 1131 749 πρότερον
1164 699 1466 746 ἐξελαυνομένους
1498 698 1572 735 ino*

227 757 372 794 πάντων
396 757 578 806 Ἑλλήνων,
606 758 643 799 ἐς
673 758 758 799 τούς
783 758 979 796 ἀπικοίατο
1004 759 1197 808 φεύγοντες
1230 759 1452 806 δουλοσύνην
1478 758 1572 807 πρὸς

227 816 464 865 Μυκηναίων,
495 818 623 863 μοῦνοι
649 816 912 864 ὑποδεξάμενοι
942 816 1007 866 τήν
1034 817 1245 867 Εὐρυσθέος
1276 817 1384 865 ὕβριν
1409 817 1570 854 κατείλο-

227 888 304 920 μεν,
332 874 398 911 σὺν
424 875 592 912 ἐκείνοισι
618 875 716 924 μάχῃ
743 875 949 925 νικήσαντες
979 876 1064 918 τούς
1095 877 1177 912 τότε
1208 875 1356 921 ἔχοντας
1382 875 1570 913 Πελοπόν-

227 947 351 981 νησον,
394 936 521 971 τοῦτο
558 935 603 972 δὲ
635 934 825 983 Ἀργείους
857 934 943 976 τούς
968 934 1059 981 μετά
1085 935 1324 977 Πολυνείκεος
1354 935 1416 972 ἐπὶ
1445 935 1570 983 Θήβας

228 991 427 1033 ἐλάσαντας
473 992 754 1042 τελευτήσαντας
796 992 858 1030 τὸν
900 993 1015 1030 αἰῶνα
1057 995 1118 1031 καὶ
1159 992 1322 1042 ἀτάφους
1371 993 1568 1039 κειμένους,

228 1051 531 1101 στρατευσάμενοι
565 1052 626 1089 ἐπὶ
659 1051 745 1094 τούς
771 1053 981 1098 Καδμείους
1015 1052 1212 1090 ἀνελέσθαι
1242 1067 1282 1089 τε
1312 1052 1397 1095 τούς
1422 1052 1570 1101 νεκρούς

227 1123 348 1158 φαμεν
378 1111 438 1147 καὶ
464 1111 591 1159 θάψαι
624 1113 688 1159 τῆς
721 1110 894 1159 ἡμετέρης
927 1111 965 1147 ἐν
988 1110 1172 1148 Ἐλευσῖνι.
1224 1112 1323 1157 Quae
1354 1122 1567 1155 quamquam

227 1169 430 1206 afferuntur
455 1170 565 1206 etiam
582 1170 619 1206 in
637 1170 889 1207 Demosthenis
916 1174 1005 1207 orat.
1025 1171 1153 1208 XVIII
1180 1171 1199 1217 ξ
1220 1171 1289 1207 186
1317 1174 1352 1207 et
1377 1170 1416 1206 in
1438 1171 1566 1207 Pseud.

226 1229 328 1265 Dem.
348 1229 519 1274 Epitaph.
548 1230 608 1275 §8
635 1233 671 1266 et
697 1230 823 1274 paucis
849 1230 970 1266 verbis
997 1234 1318 1266 commemorantur
1344 1230 1381 1265 in
1402 1230 1568 1266 Platonis

227 1288 366 1322 Menex.
394 1298 477 1332 pag.
497 1288 568 1323 239
586 1288 628 1332 Β,
663 1291 783 1323 tamen
808 1288 874 1323 illa
899 1288 1048 1323 Libanii
1074 1290 1186 1323 verba
1212 1289 1258 1323 ad
1283 1287 1459 1323 Herodoti
1485 1298 1567 1323 auc-

228 1345 414 1382 toritatem
437 1346 569 1392 refero,
597 1346 730 1392 quippe
749 1346 810 1391 qui
838 1347 960 1383 eodem
977 1347 1080 1383 modo
1108 1357 1151 1382 ac
1168 1346 1345 1383 Libanius
1371 1346 1455 1383 illas
1480 1347 1569 1382 duas

227 1406 426 1441 sententias
443 1405 566 1441 verbis
591 1407 699 1441 τοῦτο
725 1404 792 1451 μὲν
819 1427 865 1431 -
891 1407 997 1441 τοῦτο
1025 1405 1064 1442 δὲ
1089 1406 1264 1450 proferat.
1301 1406 1409 1452 (Illud
1434 1405 1567 1441 bellum

226 1465 272 1499 ab
299 1463 581 1500 Atheniensibus
607 1464 790 1501 Thebanis
821 1464 962 1501 illatum
989 1464 1103 1500 solum
1130 1467 1381 1500 commemorat
1406 1464 1569 1509 sophista

226 1523 264 1559 in
303 1524 564 1560 declamatione
614 1524 924 1572 Καλλαίσχρου
966 1522 1126 1570 λόγοςῑ)
1169 1523 1346 1568 inscripta
1398 1524 1418 1568 ξ
1450 1524 1495 1558 22
1538 1518 1567 1558 ὦ

226 1579 427 1630 Ἀθηναῖοι
466 1603 513 1607 -
543 1603 589 1607 -
635 1581 673 1618 οἵ
710 1595 748 1629 γε
780 1581 874 1630 ὑπὲρ
907 1582 973 1627 μὲν
1010 1580 1210 1629 ἀλλοτρίων
1246 1582 1377 1629 νεκρῶν
1410 1579 1568 1626 πόλεμον

226 1639 368 1688 ἤρασθε
393 1640 486 1689 πρὸς
514 1642 729 1688 Θηβαίους.)

325 1699 372 1734 In
406 1699 599 1745 epistula
630 1700 676 1735 47
712 1701 763 1736 ad
797 1700 1032 1736 Modestum
1067 1699 1204 1744 scripta
1237 1699 1359 1735 rhetor
1388 1697 1565 1742 loquitur:

226 1757 260 1793 εἰ
286 1758 325 1795 δὲ
350 1756 390 1794 τὸ
416 1757 527 1794 πλέον
554 1757 788 1807 ἰσχυρότερον
815 1754 866 1806 ἦν,
894 1757 968 1794 ε”δει
995 1758 1113 1806 δήπου
1138 1756 1200 1794 τὸν
1225 1757 1354 1793 τούτου
1385 1757 1475 1804 (scil,
1503 1758 1569 1792 τοῦ

225 1816 387 1864 Πέρσου)
421 1816 599 1865 πρόγονον
630 1815 837 1865 κτήσασθαι
871 1815 935 1865 τὴν
965 1815 1133 1853 Ἑλλάδα.
1185 1818 1247 1852 νῦν
1284 1815 1322 1853 δὲ
1354 1811 1482 1857 οἶσθα,
1516 1813 1566 1854 ὠς

226 1873 418 1924 ἐστράτευε
451 1875 517 1922 μὲν
550 1875 687 1924 ἐκείνης
720 1875 931 1923 ἐπιθυμῶν,
965 1875 1108 1925 φεύγων
1142 1875 1181 1913 δὲ
1215 1874 1355 1912 ἐκεῖθεν
1387 1872 1566 1919 ἐπεθύμει

227 1937 403 1983 σωθῆναι.
455 1934 499 1971 ου’
529 1934 595 1983 γὰρ
629 1937 701 1970 τῶν
727 1934 846 1971 αὐτῶν
879 1931 920 1983 ἦν
946 1934 1013 1983 ὄρη
1045 1949 1084 1971 τε
1110 1933 1310 1982 διορύττειν
1336 1935 1394 1970 καὶ
1426 1932 1568 1981 ἀνδρῶν

225 1996 370 2042 κρατεῖν
400 1992 540 2042 ἀρετῆς.
592 1995 671 2030 Hoc
700 1994 779 2030 loco
806 1994 929 2031 verbis
960 1993 1023 2031 τόν
1048 1992 1178 2030 τούτου
1202 1992 1376 2041 πρόγονον
1408 1992 1566 2043 Xerxem

225 2052 404 2088 nominari
430 2052 503 2088 iam
529 2053 684 2090 Wolfius
710 2053 979 2090 animadvertit.
1031 2054 1152 2090 Verba
1190 2051 1255 2100 ὄρη
1287 2072 1333 2076 -
1363 2049 1567 2099 διορύττειν

225 2111 389 2147 indicant
421 2112 542 2147 Athon
575 2115 731 2148 montem
765 2123 788 2147 a
821 2113 943 2148 Xerxe
977 2112 1200 2155 intercisum,
1240 2111 1286 2145 ad
1319 2120 1421 2153 quem
1455 2109 1566 2145 etiam

225 2169 311 2204 aliis
345 2169 436 2205 locis
466 2169 660 2206 Libanium
687 2170 870 2215 respicere
909 2170 981 2206 iam
1009 2180 1119 2215 supra
1148 2168 1303 2206 vidimus
1314 2166 1352 2214 ²).
1400 2166 1450 2202 Et
1475 2177 1568 2212 quae

225 2228 332 2264 dicit:
368 2227 402 2264 εἰ
428 2227 467 2265 δὲ
492 2228 537 2264 τὸ
565 2228 695 2264 πλέον
722 2228 1002 2277 ἰσχυρότερον
1028 2224 1080 2276 ἦν,
1112 2229 1200 2263 haec
1226 2227 1303 2262 sine
1330 2226 1437 2261 dubio
1464 2237 1565 2270 spec-

223 2289 304 2322 tant
329 2287 376 2322 ad
401 2287 578 2323 Herodoti
604 2289 716 2323 verba
741 2287 761 2322 I
788 2288 869 2333 136,
904 2298 972 2332 quo
999 2287 1077 2323 loco
1110 2287 1152 2321 de
1177 2284 1299 2321 Persis
1331 2288 1475 2320 narrat:
1520 2283 1566 2320 τὸ

224 2343 384 2381 πολλόν
410 2344 450 2382 δὲ
476 2344 624 2392 ἡγέαται
653 2345 831 2394 ἰσχυρὸν
857 2342 962 2383 εἶναι.

324 2482 344 2519 ¹)
365 2483 432 2513 Vol.
455 2483 498 2513 IV
518 2483 675 2513 447—459
695 2484 722 2513 R
744 2497 779 2508 =
802 2484 860 2514 vol.
876 2483 920 2513 VI
940 2482 1084 2513 87-108,

322 2531 344 2564 2)
365 2531 439 2569 Pag.
464 2533 500 2562 15
521 2535 552 2562 et
574 2533 619 2562 16.
