1848 2929
875 188 921 223 10

219 306 328 350 paulo
363 309 445 350 post
476 306 520 341 de
547 306 674 341 Medea
700 308 808 349 rapta
838 305 1026 350 legantur:
1071 303 1163 351 μετὰ
1195 304 1235 341 δὲ
1267 307 1381 341 ταῦτα
1398 303 1573 353 Ἕλληνας

219 363 360 405 αἰτίους
390 366 455 412 τῆς
487 363 657 411 δευτέρης
691 362 838 411 οἷδικίης
871 363 1054 410 γενέσθαι.
1094 362 1394 406 καταπλώσαντες
1426 362 1493 412 γάρ
1527 385 1572 390 —-

220 422 258 464 ἐς
277 419 375 459 Αἶάν
401 436 439 458 τε
465 421 528 471 την
547 422 711 467 Κολχίδα
737 423 798 458 καὶ
824 422 887 460 ἐπὶ
918 425 1035 460 Φᾶσιν
1061 422 1238 468 ποταμόν,
1265 422 1435 461 ἐνθεῦτεν
1460 444 1506 448 —
1527 444 1572 449 -

220 479 386 529 ἁρπάσαι
424 482 490 517 τοῦ
527 480 699 528 βασιλέος
737 479 803 529 τὴν
841 481 1027 530 θυγατέρα
1061 481 1242 530 Μηδείην.
1294 480 1495 530 πέμψαντα
1533 481 1574 517 δὲ

219 538 280 576 τόν
307 539 458 584 Κόλχων
483 538 637 586 βασιλέα
664 539 701 579 ἐς
726 538 790 587 τὴν
815 539 967 577 Ἑλλάδα
993 539 1129 588 κη’ρυκα
1156 539 1290 577 αἰτέειν
1315 554 1354 576 τε
1380 539 1484 580 δίκας
1508 542 1574 588 τῆς

219 597 388 646 ἁρπαγῆς
425 599 484 634 καὶ
523 597 716 634 οἷπαιτέειν
755 596 820 645 τήν
858 598 1055 646 θυγατέρα.
1114 599 1205 634 Tum
1243 600 1340 643 apud
1377 591 1573 634 Libanium

220 657 349 693 Ulixes
376 657 484 702 paulo
511 660 594 701 post
620 656 742 701 pergit
776 657 796 702 ς’
824 658 888 692 22:
931 655 965 693 εἰ
989 655 1055 705 γὰρ
1081 655 1122 693 τὸ
1153 656 1220 702 μὲν
1244 658 1316 693 τῶν
1341 655 1574 705 ἀδικημάτων

219 714 343 764 ἄρχειν
369 714 471 763 παρὰ
496 713 557 751 τόν
583 714 693 760 νόμον
719 714 815 758 ἐστί,
848 713 890 751 τὸ
917 714 957 753 δέ
983 713 1199 760 ἀμύνασθαι
1232 713 1318 757 τούς
1343 713 1574 764 ὑπάρξαντας

219 773 273 815 εἰς
299 773 341 811 τδ
372 774 512 811 δίκαιον
537 776 644 817 τελεῖ,
679 773 818 811 εἰπάτω
849 774 914 820 μοί
940 787 1009 817 τις,
1043 772 1198 823 πότερον
1224 776 1365 824 Κρῆτες
1396 773 1574 823 πρότερον

219 833 284 881 τηῗν
321 833 502 881 Εὐρώπην
537 833 575 869 ἐκ
612 833 783 881 Φοινίκης
815 832 982 882 ἥρπασαν
1018 833 1037 881 ἢ
1074 834 1239 874 Φοίνικες
1273 833 1312 877 ἐξ
1335 832 1488 881 ’Ἀργους
1518 831 1574 869 Ἰώ

219 891 283 941 τὴν
308 891 463 937 Ἰνάχου,·
504 890 572 939 ἐγώ
603 891 670 938 μὲν
702 890 767 941 γάρ
803 888 905 938 οἶμαι
945 893 1016 928 τῶν
1052 892 1229 929 Φοινίκιον
1262 892 1478 940 γεγενῆσθαι
1509 889 1574 940 τὴν

219 950 343 1000 ἀρχὴν,
377 963 447 996 quo
473 952 552 988 loco
585 956 621 988 et
652 952 731 996 ipso
758 952 937 988 Libanius
970 953 1016 987 ad
1041 952 1264 988 Herodotum
1291 949 1450 996 spectat3
1489 962 1573 987 nam

220 1011 330 1046 etiam
356 1011 453 1056 apud
478 1011 573 1046 hunc
590 1010 791 1046 Phoenices
818 1010 1096 1046 inimicitiarum
1123 1013 1289 1046 auctores
1317 1010 1431 1046 fuisse
1458 1009 1571 1054 scrip-

220 1073 294 1105 tum
321 1070 486 1107 videmus
521 1070 539 1105 I
570 1071 606 1104 1:
655 1069 828 1110 Φοίνικας
854 1068 997 1110 αἰτίους
1024 1090 1070 1095 —
1099 1068 1270 1115 γενέσθαι
1303 1070 1368 1117 τῆς
1394 1070 1574 1117 διαφορῆς

220 1132 256 1164 et
298 1132 489 1173 postquam
534 1127 706 1176 Περσέων
749 1126 784 1164 οἱ
822 1128 955 1174 λόγιοι,
999 1129 1174 1172 quomodo
1218 1128 1384 1165 Phoenix
1426 1127 1572 1172 quidam

219 1185 457 1235 ναύκληρος
491 1187 615 1223 Ionem
642 1187 770 1223 Inachi
796 1187 911 1223 filiam
937 1187 1132 1232 rapuisset,
1160 1190 1418 1232 narraverunt,
1451 1186 1574 1231 pergit

220 1246 427 1282 Herodotus
462 1247 479 1282 I
507 1247 544 1281 2:
589 1247 670 1282 τῶν
705 1243 981 1294 ἀδικημάτων
1013 1247 1120 1282 τοῦτο
1154 1244 1300 1294 ἄρξαι,
1334 1256 1441 1290 quam
1474 1245 1572 1281 locu-

219 1305 355 1341 tionem
387 1306 510 1341 eodem
541 1305 606 1341 illo
632 1305 711 1341 loco
738 1305 915 1343 Libanius
948 1305 1097 1341 adhibet
1135 1305 1239 1352 (decl.
1266 1305 1319 1341 IV
1346 1306 1407 1340 22:
1439 1302 1480 1340 τό
1505 1302 1572 1349 μὲν

220 1366 302 1399 τῶν
345 1362 625 1411 ἀδικημάτων
667 1362 716 1412 ἄρ
724 1368 843 1407 χειν).
908 1365 1031 1400 Ionem
1073 1368 1217 1409 raptam
1259 1364 1383 1400 rhetor
1424 1366 1573 1399 revocat

221 1423 331 1459 etiam
358 1423 396 1458 in
423 1423 443 1468 ἓ
471 1423 517 1459 28
544 1422 685 1459 verbis:
718 1420 782 1470 τήν
806 1421 874 1468 μὲν
900 1421 1032 1467 Ἰνάχου
1057 1423 1174 1459 παῖδα
1205 1420 1443 1471 ναυκλήρου
1473 1419 1572 1462 τινός

220 1495 311 1529 φασι
337 1481 478 1527 κλέμμα
505 1481 687 1527 γενέσθαι.
717 1503 761 1506 -
789 1481 966 1517 Herodoti
993 1482 1206 1518 auctoritati
1233 1485 1269 1517 et
1294 1481 1361 1518 illa
1378 1481 1571 1518 tribuenda

219 1544 318 1585 sunt,
354 1552 446 1585 quae
472 1541 650 1577 Libanius
676 1541 819 1585 profert
845 1540 883 1576 in
910 1541 930 1586 ξ
958 1541 1023 1576 85:
1070 1540 1217 1588 Θησέως
1242 1539 1309 1586 μὲν
1334 1538 1446 1588 αὐτην
1477 1540 1568 1587 (scil.

218 1598 282 1646 την
304 1598 460 1646 Ἑλένην)
486 1598 732 1646 τολμήσαντος
758 1599 884 1644 λαβεῖν
910 1620 955 1624 -—
982 1601 1041 1635 καὶ
1067 1598 1290 1645 βουλομένου
1316 1602 1462 1645 γυναῖκα
1488 1611 1571 1634 ποι-

221 1656 382 1706 ήσασθαι
413 1656 507 1706 πρὸς
532 1659 584 1704 τῷ
608 1657 745 1705 μηδένα
772 1659 913 1700 λυπεῖν,
941 1656 984 1693 οὐ
1002 1655 1068 1706 γὰρ
1095 1656 1245 1705 συνῴκει
1271 1670 1308 1704 γε
1334 1656 1469 1700 οὐδενί,
1496 1655 1570 1694 ἔδει

218 1716 285 1762 μὲν
315 1720 501 1755 κινεῖσθαι
531 1715 595 1764 τὴν
621 1715 913 1765 Πελοπόννησον,
947 1715 1020 1753 ἔδει
1055 1716 1095 1753 δὲ
1122 1716 1286 1762 πολέμου
1319 1715 1382 1765 τὴν
1407 1715 1572 1764 ’Λττικῆν

218 1775 479 1822 ἐμπίπλασθαι
506 1776 567 1812 καὶ
593 1774 657 1816 τοὶς
675 1774 847 1824 Ἀφίδνας
873 1778 1105 1824 πορθεῖσθαι
1131 1776 1190 1812 καὶ
1217 1775 1329 1812 πάλιν
1344 1774 1483 1823 Ἑλένην
1509 1774 1571 1811 ἐπὶ

220 1836 503 1881 Λακεδαίμονος
538 1831 650 1879 elma,-
685 1835 800 1872 tradit
834 1835 928 1872 enim
962 1836 1267 1873 Halicarnasseus
1301 1835 1357 1872 IX
1385 1836 1431 1872 73
1463 1835 1572 1872 Hele-

219 1905 318 1939 nam,
356 1905 462 1938 quam
495 1895 654 1930 Theseus
690 1898 834 1939 raptam
866 1894 1047 1939 Aphidnis
1080 1895 1385 1939 abscondidisset,
1420 1906 1443 1930 a
1474 1895 1572 1940 Tyn-

220 1953 359 1988 daridis
378 1953 416 1989 vi
443 1956 478 1988 et
504 1953 616 1989 armis
634 1953 803 1997 Spartam
829 1954 1015 1989 reductam
1034 1963 1131 1989 esse:
1160 1952 1210 1993 ιὸς
1229 1951 1295 2001 γὰρ
1322 1951 1366 2001 δὴ
1388 1951 1429 1989 τὸ
1456 1950 1572 1988 πάλαι

219 2009 311 2047 κατὰ
336 2010 477 2057 Ἑλένης
510 2010 662 2058 κομιδὴν
699 2011 919 2058 Τυνδαρίδαι
956 2010 1128 2057 ἐσέβαλον
1163 2011 1200 2053 ἐς
1232 2013 1294 2059 γῆν
1324 2010 1387 2059 τὴν
1412 2009 1573 2059 ’Λττικὴν

220 2067 286 2106 σὺν
314 2070 472 2116 στρατοῦ
498 2067 636 2115 πλήθει
663 2069 723 2104 καὶ
749 2067 948 2105 ἀνίστασαν
975 2068 1059 2110 τούς
1085 2069 1223 2117 δήμους
1248 2068 1313 2105 οὐκ
1338 2068 1485 2111 εἰδότες,
1511 2067 1572 2105 ἵνα

218 2126 430 2173 ὑπεξέκειτο
458 2125 478 2175 ἦ
504 2125 634 2175 Ἑλένη,
661 2125 743 2163 τότε
769 2125 911 2173 λέγουσι
940 2149 985 2152 -
1005 2149 1050 2152 -
1079 2126 1235 2164 Δέκελον
1263 2149 1309 2153 -
1328 2149 1375 2153 --
1401 2125 1571 2175 ἐξηγησά-

218 2187 326 2233 μενόν
351 2201 418 2235 σφι
449 2185 491 2222 τὸ
518 2187 592 2223 πᾶν
617 2187 766 2234 πρῆγμα
797 2186 1076 2234 κατηγήσασθαι
1110 2186 1171 2223 ἐπὶ
1197 2185 1263 2228 τὰς
1288 2185 1475 2235 Ἀφίδνας,
1506 2185 1572 2228 τὰς

220 2245 263 2294 δή
296 2251 328 2281 Τ
327 2244 450 2287 ιτακὸς
481 2266 528 2270 ——-
559 2245 828 2293 καταπροδιδοῖ
857 2249 889 2280 Τ
887 2246 1123 2293 υνδαρίδῃσι,·
1163 2246 1308 2282 etiamsi
1338 2246 1463 2282 eadem
1488 2256 1572 2281 nar-

218 2309 348 2341 rantur
381 2316 403 2341 a
435 2305 673 2341 Plutarcho
709 2305 814 2340 Thes.
835 2305 895 2349 31,
931 2307 1051 2340 tamen
1082 2304 1277 2341 Libanium
1311 2305 1378 2341 hoc
1412 2304 1491 2341 loco
1525 2305 1571 2340 ad

219 2365 443 2399 Herodotum
475 2364 594 2399 redire
628 2367 731 2408 puto,
767 2363 937 2407 quoniam
972 2373 1009 2398 se
1045 2374 1123 2398 eum
1157 2364 1260 2407 sequi
1294 2364 1332 2398 in
1363 2363 1572 2407 protheorIa

219 2422 429 2467 profitetur,
465 2433 580 2466 neque
613 2421 821 2458 indubitata
847 2420 1005 2466 vestigia
1030 2421 1218 2458 Plutarchi
1245 2433 1268 2457 a
1302 2420 1458 2457 Libanio
1485 2421 1571 2457 lecti

220 2482 294 2516 ullo
321 2482 400 2516 loco
428 2485 615 2525 apparent.
669 2482 724 2516 Of.
753 2482 937 2525 Foerster,
965 2480 1046 2516 Lib.
1075 2481 1144 2516 vol.
1165 2481 1217 2516 VI
1242 2492 1277 2525 p.
1298 2481 1369 2516 370
1395 2483 1467 2516 not.
1487 2481 1519 2515 4.
