1848 2929
842 211 889 245 73

195 325 260 367 τοῖς
294 326 332 361 ἐν
356 328 401 374 τῇ
432 324 570 373 ἠπείρῳ
600 325 708 368 πόλις
732 327 797 368 τοῖς
821 326 940 367 Ἰάδας
969 326 1061 362 κατὰ
1085 325 1210 368 ταύτά,
1246 325 1339 374 πλὴν
1365 324 1429 361 οὐκ
1456 324 1538 361 ἐσα-

194 384 342 434 γήνευον
375 382 461 425 τούς
486 383 720 434 ἀνθρώπους,
755 384 800 422 ού
833 384 899 435 γὰρ
933 381 993 422 οἷά
1025 400 1064 423 τε
1103 381 1154 434 ἦν.
1205 385 1263 422 Ad
1292 385 1387 421 hunc
1402 382 1405 386 ’
1419 384 1537 421 locum

195 447 362 489 spectant
385 444 535 480 Libanii
559 446 673 481 verba
706 445 745 481 in
778 457 828 482 or.
855 446 984 483 XVIII
1010 447 1074 482 61:
1116 444 1429 493 σαγηνεύοντες
1459 441 1537 490 γὰρ

194 500 294 544 τούς
330 501 372 539 ἐν
406 505 503 552 ταῖς
536 501 683 551 νήσοις
715 503 758 539 ἐν
790 503 923 551 ταύτῃ
955 505 1006 552 τῇ
1037 502 1152 553 θήρᾳ
1184 504 1276 548 κτλ.;
1322 513 1407 538 nam
1441 502 1538 546 apud

195 563 384 606 utrumque
415 561 539 607 agitur
564 562 607 597 de
632 562 762 598 insulis
789 566 825 599 et
849 561 1026 599 Herodoti
1051 564 1161 600 verbo
1194 560 1455 611 ἐκθηρεύοντες
1480 571 1537 596 re-

195 621 373 665 spondent
398 622 494 665 apud
516 621 710 657 Libanium
735 623 848 658 verba
874 621 912 657 ἑν
936 621 1048 669 ταύτῃ
1074 623 1118 669 τῇ
1143 621 1254 669 θήρᾳ.
1305 621 1356 656 Et
1380 620 1419 656 in
1446 620 1536 655 decl.

193 678 289 715 XIII
314 679 361 715 55
407 678 479 721 (αῖς
510 677 734 728 ἀνθρώπους
774 678 810 716 οἱ
850 679 1130 727 σαγηνεύσαντες
1171 678 1375 728 ἀπήγαγον)
1423 682 1536 714 totam

195 737 410 773 sententiam
446 738 629 774 Herodoto
666 738 788 774 deberi
823 739 897 774 iam
931 745 1041 783 supra
1078 739 1233 775 vidimus
1246 738 1282 785 l).
1342 739 1432 774 Item
1469 738 1538 773 hoc

195 795 306 832 verbo
333 795 449 842 utitur
465 795 641 833 Libanius
668 796 706 833 in
729 807 779 833 or.
798 796 875 833 XII
891 797 956 833 48:
984 795 1240 845 φιλονεικῆσας
1257 796 1395 841 ζῶντας
1411 796 1537 842 λαβεῖν

195 852 303 895 εἰδοῖς
336 852 598 900 ἀγαλλομένους
630 854 779 902 θανάτῳ
813 855 1008 896 τοσούτους
1041 855 1306 903 σαγηνεύσας
1339 854 1467 904 ἤγαγεν
1500 859 1538 890 et

195 913 233 950 in
264 925 314 950 or.
341 914 430 951 LIX
456 915 520 951 82:
560 913 898 963 σαγηνευθέντες
929 914 978 957 ὠς
1005 913 1096 963 ἡμᾶς
1126 913 1465 963 μετεσκευάσθησαν
1501 918 1538 950 et

128 967 130 969 ’
195 973 438 1018 metaphorice
455 973 494 1009 in
511 984 561 1009 or.
581 974 600 1009 I
616 974 702 1010 169:
729 973 748 1010 ὁ
767 973 807 1011 δὲ
823 972 864 1009 τὸ
883 972 1108 1011 διδασκάλων
1126 972 1358 1022 ἐσαγήνευε
1375 972 1533 1019 ἔθνος-ἵ).

199 1031 303 1078 Quod
339 1032 407 1068 hoc
436 1033 583 1069 verbum
623 1032 733 1068 etiam
772 1033 867 1077 apud
895 1032 1117 1068 Platonem
1156 1033 1264 1069 semel
1292 1032 1430 1077 legitur
1465 1032 1535 1077 leg.

195 1090 254 1126 III
278 1091 350 1127 698
367 1090 416 1136 D,
449 1094 546 1127 totus
570 1091 631 1127 hic
655 1091 756 1127 locus
782 1092 829 1127 ad
854 1091 1074 1127 Herodotum
1106 1091 1317 1127 referendus
1344 1102 1421 1127 esse
1446 1090 1536 1126 mihi

195 1149 356 1194 videtur;
399 1160 483 1185 nam
514 1149 680 1186 Platonis
705 1151 818 1186 verba
852 1147 1124 1197 συνάψαντες
1149 1147 1225 1191 τὰς
1250 1152 1398 1198 χεῖρας
1429 1162 1536 1197 σαγη-

195 1206 358 1245 νεύσαιεν
391 1210 514 1244 πᾶσαν
546 1207 610 1256 τὴν
634 1206 836 1256 Ἐρετρικὴν
869 1206 904 1245 οἱ
935 1210 1153 1257 στρατιῶται
1185 1209 1303 1253 magis
1336 1212 1537 1253 congruunt

195 1277 274 1302 cum
300 1267 359 1311 iis,
386 1277 478 1310 quae
495 1267 701 1302 Herodotus
727 1267 834 1302 dicit:
862 1265 1148 1313 σαγηνεύουσι
1175 1266 1216 1302 δὲ
1240 1266 1345 1303 τόνδε
1369 1265 1430 1302 τόν
1454 1265 1536 1314 τρό-

196 1335 287 1361 πον·
320 1323 411 1373 ἀνὴρ
438 1322 569 1372 ἀνδρὸς
600 1323 827 1372 ἁψάμενος
856 1326 920 1373 τῆς
944 1323 1089 1373 χειρὸς
1119 1327 1204 1366 κτλ,
1239 1335 1344 1369 quam
1370 1329 1410 1360 ut
1434 1325 1535 1361 illum

194 1383 312 1419 locum
338 1384 384 1419 ab
410 1383 692 1420 Halicarnasseo
719 1383 876 1419 alienum
908 1393 987 1419 esse
1012 1384 1277 1419 contendamus.
1329 1384 1419 1419 Tum
1444 1385 1537 1427 quod

193 1442 363 1477 Polemo
390 1443 538 1478 verbum
572 1442 721 1478 adhibet
755 1442 793 1477 in
828 1453 878 1478 or.
897 1442 936 1478 II
962 1442 1025 1487 56,
1059 1443 1127 1478 hoc
1158 1442 1236 1478 loco
1270 1442 1427 1487 scriptor
1459 1443 1536 1478 sine

194 1500 302 1537 dubio
337 1501 559 1537 Herodotum
597 1500 772 1537 imitatur.
837 1500 1001 1545 Denique
1039 1512 1061 1537 a
1098 1501 1289 1537 Luciano
1328 1502 1422 1537 deor.
1449 1501 1535 1537 dial.

197 1560 252 1603 15,
272 1560 294 1595 3
321 1563 357 1595 et
381 1559 473 1595 Tim.
493 1560 539 1595 25
565 1563 771 1604 usurpatur,
799 1561 863 1595 sed
888 1561 932 1595 de
956 1560 1096 1595 bestiis.

678 1667 720 1702 B.
755 1667 1052 1703 Substantiva.

294 1743 451 1792 ἄροτος
481 1745 577 1789 apud
602 1742 797 1780 Libanium
823 1745 862 1780 in
887 1745 958 1781 vol.
985 1745 1038 1782 IV
1064 1745 1146 1789 367,
1166 1745 1212 1780 20
1228 1745 1262 1780 R
1294 1743 1381 1792 (πρὸ
1409 1743 1535 1792 Δήμη-

193 1816 279 1852 τρος
304 1801 345 1839 αἱ
371 1802 539 1851 γεωργίαι
564 1802 630 1849 μὲν
655 1801 719 1839 οὐκ
745 1798 835 1852 ἦσαν
862 1801 947 1840 ου’δὲ
973 1801 1144 1852 ἄροτοι)
1170 1814 1280 1847 aeque
1306 1807 1413 1847 atque
1439 1804 1536 1848 apud

194 1862 457 1897 Herodotum
482 1861 595 1898 IV46
618 1861 766 1904 (ζῶντες
789 1860 840 1909 μῆ
864 1860 928 1896 ἀπ’
944 1860 1093 1909 ἀρότου)
1126 1865 1162 1896 et
1187 1862 1281 1906 apud
1312 1862 1535 1896 Homerum

196 1919 326 1967 Odyss.
353 1920 409 1956 IX
435 1920 506 1956 122
537 1917 627 1964 (οὔτ’
653 1918 725 1969 ἄρα
750 1920 951 1969 ποίμνῃσιν
980 1920 1210 1965 καταΐσχεται
1235 1917 1309 1956 οὔτ’
1332 1917 1536 1968 ἀρότοισιν)

194 1980 381 2024 significat
406 1980 667 2025 amiculturam,
702 1981 798 2024 apud
823 1980 1048 2016 Platonem
1074 1980 1170 2016 Crat.
1197 1979 1267 2015 406
1285 1979 1316 2014 Β
1349 1977 1426 2021 (τόν
1450 1977 1535 2026 ἄρο-

193 2051 256 2074 τον
285 2058 396 2063 -—
426 2035 489 2074 τὸν
523 2035 656 2085 ἀνδρὸς
691 2036 728 2073 ἐν
762 2039 920 2084 γυναικί)
954 2042 991 2074 et
1030 2038 1265 2074 Lucianum
1303 2036 1464 2072 Tim.17
1501 2041 1537 2073 et

195 2097 520 2133 Aristaenetum
553 2096 572 2132 I
599 2097 643 2133 19
667 2098 936 2142 procreationem
963 2098 1155 2134 liberorum.
1199 2096 1303 2141 Apud
1333 2096 1532 2141 tragicos

195 2155 358 2203 (Aesch.
386 2156 503 2200 suppl.
531 2156 620 2200 6293
672 2156 794 2201 Soph.
823 2156 950 2201 Oedip.
978 2157 1021 2192 R.
1042 2156 1129 2200 2703
1180 2155 1276 2190 Eur.
1302 2154 1395 2190 Med.
1425 2154 1535 2201 1281)

195 2214 268 2252 vim
277 2214 424 2261 fructus
440 2215 559 2251 habet.
587 2214 694 2260 Apud
711 2218 851 2252 ceteros
868 2215 936 2252 hoc
953 2214 1216 2252 substantivum
1232 2224 1303 2250 non
1321 2213 1535 2251 invenimus.

296 2312 317 2351 ¹)
339 2312 416 2342 Vide
435 2321 505 2351 pag.
527 2312 575 2343 20.

293 2363 315 2401 ²)
337 2363 471 2393 Steinius
499 2371 559 2392 non
592 2365 674 2392 recte
693 2362 803 2393 fecisse
823 2362 895 2392 mihi
916 2363 1045 2400 videtur,
1072 2361 1149 2399 quod
1170 2361 1239 2392 Her.
1262 2360 1310 2390 111
1332 2361 1388 2390 149
1418 2359 1484 2398 (τὴν
1505 2361 1538 2391 δὲ

195 2410 305 2451 Σάμον
324 2411 630 2452 σαγηνεύσανιες
650 2414 679 2442 οἱ
693 2415 809 2452 Πέρσαι
830 2414 1004 2451 παρέδοσαν
1023 2410 1195 2443 Συλοσῶντι
1215 2411 1328 2449 ἔρημον
1349 2410 1463 2440 ἐοῦσαν
1484 2409 1538 2441 ἂν·

158 2459 169 2469 “
195 2460 288 2500 δρῶν)
310 2461 435 2491 seclusit
455 2460 710 2500 σαγηνεύσαντες,
737 2461 858 2491 etiamsi
884 2462 1000 2492 obiecto
1022 2463 1121 2497 caret3
1149 2468 1218 2489 nam
1244 2468 1311 2489 mea
1331 2460 1451 2496 quidem
1472 2469 1540 2490 sen-

197 2511 298 2540 tentia
318 2509 389 2545 τοὺς
409 2513 443 2541 ἐν
463 2508 537 2550 αὐτῇ
559 2511 634 2549 (scil.
655 2510 690 2549 τῇ
710 2509 819 2551 Σάμῳ)
840 2511 888 2541 vel
909 2511 987 2541 talia
1006 2519 1081 2547 quae
1102 2509 1308 2539 subaudienda
1329 2512 1411 2540 sunt.
