1848 2929
950 235 998 270 96

298 363 390 396 quae
416 352 571 397 legimus
606 353 643 388 in
671 353 759 388 decl.
788 353 882 389 XIII
910 354 976 389 66:
1011 354 1119 389 τοῦτο
1141 351 1208 397 μὲν
1234 351 1380 402 ὀρθῶς
1405 354 1650 396 ποιοῦντες,

298 421 367 455 quo
402 411 481 447 loco
513 411 731 456 particulam
757 411 823 456 μὲν
856 412 1039 456 particula
1071 410 1111 449 δὲ
1143 412 1366 456 respondens
1393 422 1463 448 non
1489 411 1653 456 sequitur

297 481 411 514 aeque
437 474 545 514 atque
573 471 669 515 apud
690 470 781 506 Her.
801 471 819 505 I
840 471 910 506 182
937 474 972 506 et
998 471 1036 506 ΙΙ
1056 471 1112 506 73.
1134 492 1177 496 -—
1205 471 1375 506 Diximus
1401 472 1444 506 de
1472 470 1649 507 formulis.

595 617 720 664 Caput
749 617 821 654 vl:
857 617 914 654 De
940 618 1077 655 Ionica
1103 617 1356 665 aliastropha.

396 697 573 733 Herodoti
598 697 785 742 proprium
812 701 867 733 est
884 708 1081 742 pronomen
1107 697 1334 734 indefinitum
1360 711 1416 739 τις
1442 708 1464 733 a
1482 698 1650 743 genetivo

298 757 452 802 pluralis
484 756 623 791 numeri
650 756 827 800 partitivo
859 758 1018 801 pendens
1046 757 1141 792 inter
1166 757 1358 792 articulum
1391 760 1427 792 et
1452 756 1651 792 substanti-

297 826 380 852 vum
408 815 615 860 intericere,
651 825 731 850 cum
757 815 870 850 ceteri
901 815 1099 860 scriptores
1131 815 1222 851 illud
1253 819 1317 852 aut
1347 819 1431 852 ante
1457 815 1650 851 articulum

297 878 361 910 aut
398 878 483 918 post
521 874 788 909 substantivum
833 878 985 917 ponant,
1033 874 1104 909 nisi
1142 874 1357 910 attributum
1397 874 1650 918 interpositum

297 935 361 968 est.
416 932 520 967 Hanc
556 930 725 976 figuram,
763 941 885 976 quam,
936 931 1105 975 quoniam
1143 942 1187 966 ex
1224 931 1351 968 Ionica
1387 932 1542 967 dialecto
1579 931 1651 967 ori-

295 992 416 1036 ginem
454 991 569 1036 ducit,
608 991 840 1035 grammatici
877 991 1002 1027 dicunt
1038 991 1197 1027 Ionicam
1232 992 1499 1037 anastropham,
1542 1001 1651 1035 saepe

296 1051 393 1095 apud
418 1050 641 1085 Herodotum
668 1049 890 1093 invenimus3
926 1049 1026 1084 velut
1052 1050 1070 1083 I
1095 1051 1160 1085 51:
1202 1048 1389 1098 ἐπέγραψε
1415 1049 1455 1086 δὲ
1480 1051 1561 1085 τῶν
1586 1062 1652 1090 τις
1685 1092 1688 1096 Δ

296 1109 492 1158 Δελφῶν,
532 1108 585 1145 VI
611 1108 676 1144 80:
713 1106 879 1156 ἐπείρετο
909 1109 991 1144 τῶν
1022 1122 1119 1145 τινα
1150 1106 1422 1154 αὐτομόλων,
1461 1108 1533 1146 VII
1563 1109 1649 1145 143:

297 1164 339 1215 ἦν
366 1167 406 1205 δὲ
431 1169 513 1202 τῶν
538 1181 606 1207 τις
631 1166 873 1213 Ἀθηναίων
898 1166 1000 1214 ἀνὴρ,
1035 1172 1071 1202 et
1097 1168 1115 1202 I
1135 1169 1191 1202 71.
1214 1169 1294 1203 109.
1322 1168 1360 1203 ΙΙ
1386 1169 1443 1203 38.
1466 1169 1546 1203 152.
1569 1169 1649 1203 162.

298 1226 378 1262 175.
402 1227 480 1261 179.
507 1226 540 1263 V
559 1225 641 1261 101.
670 1226 720 1262 VI
748 1226 805 1261 37.
827 1225 872 1261 75
900 1229 966 1261 etc.
1019 1225 1182 1261 Eundem
1215 1236 1317 1262 usum
1343 1225 1566 1271 pronominis
1592 1238 1649 1267 τις

296 1286 393 1329 apud
435 1285 627 1320 Libanium
671 1285 915 1328 compluribus
958 1285 1046 1320 locis
1090 1286 1403 1329 deprehendimus,
1453 1284 1553 1321 velut
1596 1296 1646 1320 or.

296 1343 315 1378 I
342 1344 406 1378 31:
447 1341 645 1388 λαβόμενος
684 1341 723 1379 δέ
759 1356 830 1387 μου
860 1345 926 1377 τοῦ
957 1341 1106 1388 ἱματίου
1144 1344 1226 1378 τῶν
1259 1355 1325 1383 τις
1359 1342 1646 1385 διδασκάλων,

297 1403 387 1438 239:
414 1403 498 1437 τῶν
523 1415 590 1442 τις
616 1400 698 1446 ἐμοὶ
725 1401 1089 1449 πεπλησιακότων
1114 1400 1203 1449 ἀνὴρ
1229 1402 1315 1444 κτλ.,
1350 1413 1400 1438 or.
1428 1402 1554 1439 XXIV
1584 1402 1645 1438 18:

295 1462 376 1496 τῶν
401 1473 497 1495 τινα
523 1459 861 1504 βασιλευόντων;
890 1460 1059 1495 conferas
1078 1460 1188 1495 etiam
1216 1471 1265 1495 or.
1282 1461 1300 1495 I
1318 1461 1375 1495 67.
1391 1461 1448 1496 94.
1467 1461 1546 1495 137.
1564 1461 1645 1496 257.

295 1519 460 1556 XXXVI
482 1519 515 1554 5.
553 1529 607 1562 ep.
629 1519 709 1554 670.
760 1518 883 1554 Etiam
919 1518 956 1553 in
990 1519 1058 1554 hac
1091 1530 1130 1554 re
1163 1519 1357 1554 Libanium
1392 1530 1436 1554 ex
1462 1519 1646 1555 Herodoto

293 1579 450 1623 pendere
477 1581 575 1621 puto,
613 1577 830 1621 praesertim
865 1588 944 1612 cum
982 1578 1073 1612 idem
1106 1588 1192 1612 usus
1219 1578 1316 1622 apud
1347 1577 1645 1624 Pausaniam1)

294 1641 330 1674 et
356 1636 587 1672 Arrianum
599 1636 626 1683 ²)
658 1636 804 1681 saepius
832 1636 1133 1681 deprehendatur,
1169 1636 1231 1680 qui
1263 1640 1299 1672 et
1325 1636 1397 1681 ipsi
1424 1637 1645 1674 Herodotum

293 1699 502 1740 sequuntur.
538 1696 674 1731 Exstat
701 1696 810 1731 etiam
838 1696 934 1740 apud
952 1695 1188 1731 Lucianum
1207 1696 1311 1740 Nigr.
1326 1696 1372 1731 38
1400 1699 1436 1731 et
1454 1696 1644 1740 Alciphr.

292 1756 326 1800 3,
347 1755 394 1791 20
425 1758 460 1790 et
487 1755 637 1790 Athen.
666 1754 723 1789 III
750 1765 782 1798 p.
807 1754 874 1790 108
893 1755 937 1789 D.

390 1951 468 1986 Iam
495 1954 535 1986 ut
562 1961 615 1994 ea,
644 1960 736 1994 quae
763 1950 1003 1994 exposuimus,
1031 1952 1097 1986 sub
1125 1961 1233 1986 unum
1252 1954 1483 1995 conspectum
1509 1951 1644 1987 subici-

293 2021 404 2055 amus,
440 2010 649 2045 Herodotea
676 2009 714 2044 in
742 2009 906 2045 omnibus
942 2009 1020 2045 fere
1046 2009 1196 2045 Libanii
1230 2009 1379 2054 scriptis
1415 2010 1552 2055 legenti
1587 2021 1642 2046 oc-

292 2072 451 2113 currunt,
479 2069 543 2104 sed
575 2068 613 2103 in
644 2068 730 2103 aliis
757 2068 874 2112 plura,
903 2068 940 2103 in
967 2068 1052 2103 aliis
1078 2068 1230 2103 minora.
1283 2069 1372 2104 Tria
1398 2069 1645 2114 diegemata

292 2129 438 2173 integra
457 2138 502 2163 ex
520 2127 804 2163 Halicarnasseo
831 2127 948 2163 libata
966 2130 1068 2171 sunt3
1097 2126 1134 2162 in
1153 2127 1337 2164 nonnullis
1356 2127 1536 2172 operibus,
1564 2127 1644 2164 dico

292 2186 637 2222 declamationes
677 2185 866 2232 Νεοκλῆς
904 2186 998 2230 (IX)⁷
1045 2186 1347 2234 Θεμιστοκλῆς
1374 2186 1449 2232 (Χ),
1494 2187 1645 2231 Κίμων

292 2245 388 2291 (ΧΙ),
409 2242 735 2292 Πρεσβευτικὸς
753 2241 991 2285 Ὀδυσσέως
1008 2245 1081 2280 κτλ.
1101 2244 1182 2291 (IV)
1203 2244 1411 2290 inscriptas,
1431 2248 1645 2289 argumenta

392 2392 412 2429 ¹)
435 2391 511 2421 Vide
540 2391 574 2421 Ο.
597 2391 825 2427 Pfundtner,
856 2391 1025 2421 Pausanias
1047 2392 1206 2429 Periegeta
1228 2392 1365 2421 imitator
1387 2391 1542 2429 Herodoti,
1571 2392 1643 2422 diss.

292 2441 462 2478 Regimont.
486 2441 563 2470 1866
583 2450 611 2477 p.
626 2441 666 2469 30
677 2449 719 2476 sq.

390 2490 412 2527 ²)
435 2489 512 2519 Vide
532 2489 567 2520 R.
580 2489 836 2526 Grundmann⁷
858 2489 935 2526 Quid
950 2490 981 2519 in
997 2489 1166 2519 elocutione
1181 2490 1305 2519 Arriani
1319 2489 1473 2519 Herodoto
1489 2489 1643 2527 debeatur,

293 2538 363 2568 diss.
388 2540 475 2576 Lips.‚
498 2539 610 2569 Berlin.
626 2540 710 2569 Stud.
733 2539 792 2569 vol.
808 2538 840 2567 II
863 2539 937 2569 1885
957 2549 984 2576 p.
1001 2539 1058 2568 235
1069 2548 1111 2575 sq.
