1848 2929
846 231 894 266 57

201 346 254 382 VI
285 346 308 381 9
351 344 594 388 (ἑσσωθέντες
639 349 685 395 τῇ
730 347 827 396 μάχῃ
874 347 1353 396 ἐξανδραποδιεῦνται)
1403 347 1548 382 notione

202 404 351 448 passiva
376 405 582 450 adhibetur,
618 417 832 450 quamquam
859 407 937 442 fere
963 407 1086 443 activa
1111 410 1251 442 tantum
1283 406 1430 441 notione
1458 405 1549 440 dici-

201 466 261 498 tur
298 463 376 500 sive
415 464 538 500 activa
577 465 695 501 forma
732 466 835 512 (Her.
857 465 908 503 VI
925 467 982 502 94.
1015 466 1118 502 Xen.
1138 466 1233 501 Hell.
1253 465 1291 501 ΙΙ
1316 466 1346 509 1,
1370 464 1434 511 15)
1469 464 1548 500 sive

201 522 320 557 media
338 523 438 563 (Her.
457 523 476 558 I
494 524 551 559 66.
578 524 636 559 III
655 525 711 559 25.
730 525 822 561 VIII
842 525 921 559 126.
948 525 1051 560 Xen.
1068 525 1162 560 Hell.
1183 524 1220 559 II
1240 525 1272 568 2,
1287 525 1342 559 16.
1370 524 1421 559 VI
1439 524 1472 567 5,
1488 523 1546 558 46.

201 581 413 616 Demosth.
438 592 472 625 p.
492 582 617 626 329,l.
641 582 811 627 1207,18.
840 583 949 618 Plat.
975 583 1044 628 leg.
1060 583 1117 618 III
1135 594 1168 627 p.
1188 583 1306 618 6980.
1347 583 1548 626 Propterea

201 640 349 675 verbum
375 639 570 675 Libanium
596 640 779 676 Herodoto
806 641 936 676 debere
962 645 1058 686 puto.

299 696 672 745 ἑπικατασφάζειν
698 703 846 741 uterque
871 700 992 734 eodem
1011 701 1113 735 modo
1140 700 1305 743 adhibet;
1334 709 1417 734 nam
1435 698 1547 734 Liba—

201 755 282 791 nius
301 755 391 792 dicit
407 756 478 792 vol.
497 756 550 794 IV
568 757 649 802 645,
661 757 707 793 24
726 757 776 793 R:
803 759 854 804 τῷ
871 756 1010 803 σώματι
1037 757 1193 804 ἐμαυτὸν
1219 757 1517 807 encnats'oqa'g
1523 772 1547 794 α

201 813 282 861 ἄνῑ)
322 819 357 851 et
387 816 593 851 Herodotus
626 817 644 851 I
671 818 735 852 45:
776 816 1121 865 ἐπικατασφάζει
1152 819 1203 863 τῷ
1233 817 1359 863 τύμβῳ
1392 816 1545 860 ἑωυτόν;

201 874 363 908 videmus
397 876 585 917 utrumque
618 874 685 909 hoc
712 876 859 910 verbum
890 885 969 910 cum
1002 876 1134 913 dativo,
1160 879 1195 911 et
1221 876 1430 912 accusativo
1462 886 1546 920 pro—

201 931 357 968 nominis
390 932 555 969 reflexivi
582 933 809 978 coniungere.
861 934 1151 978 Deprehenditur
1182 935 1291 970 etiam
1322 936 1418 979 apud
1444 934 1545 969 Plu-

202 992 393 1026 tarchum
412 991 544 1027 Cleom.
559 992 623 1026 37:
650 991 711 1026 καὶ
733 990 836 1031 τέλος
859 990 1003 1034 ἔχοντος
1023 990 1089 1038 ἥδη
1108 993 1199 1038 (scil.
1218 994 1284 1027 τοῦ
1300 991 1546 1037 Κλεομένους)

201 1047 412 1096 περιβαλών
439 1047 502 1085 τὸν
527 1047 648 1097 νεκρὸν
674 1047 800 1086 ἑαυτὸν
834 1048 1170 1097 ἐπικατέσφαξε,
1205 1051 1267 1086 sed
1293 1062 1372 1086 cum
1398 1061 1546 1086 accusa-

201 1108 276 1144 tivo
320 1109 397 1143 solo
441 1108 683 1152 coniungitur.
743 1109 939 1143 Praeterea
980 1108 1182 1144 invenimus
1225 1109 1321 1153 apud
1362 1109 1459 1144 Luc.
1503 1109 1546 1143 de

200 1166 285 1202 luet.
309 1165 389 1213 142)
417 1170 453 1202 et
477 1166 644 1211 Ioseph.
664 1170 738 1202 ant.
758 1167 834 1202 Iud.
862 1166 954 1202 XIX
983 1167 1013 1212 1,
1035 1167 1080 1203 13
1107 1171 1143 1203 et
1167 1167 1367 1203 Parthen.
1398 1167 1452 1212 10,
1472 1165 1543 1214 3³).

299 1224 555 1271 *ἕσθὲομαι.
612 1226 691 1262 Hoc
727 1227 874 1262 verbum
913 1226 1126 1263 inusitatum
1163 1227 1352 1271 participii
1390 1226 1546 1270 perfecti

205 1284 323 1319 forma
341 1287 480 1320 tantum
507 1284 584 1319 fere
604 1285 899 1329 deprehenditur3
926 1285 1026 1321 velut
1044 1285 1248 1320 Herodotus
1267 1284 1357 1320 dicit
1382 1285 1439 1320 III
1460 1285 1544 1319 129:

204 1341 327 1391 ῥάκεσι
368 1342 626 1391 ἐσθημένον,
670 1344 763 1387 quod
797 1343 975 1380 Libanius
1011 1355 1061 1379 or.
1097 1344 1225 1380 XVIII
1257 1344 1325 1379 147
1366 1343 1544 1379 imitatur:

203 1400 471 1448 ἠσθημένοις
505 1401 679 1448 ῥάκια4).
737 1402 913 1437 Conferas
946 1406 1066 1437 autem
1100 1402 1295 1445 Euripid.
1323 1402 1403 1436 Hel.
1431 1402 1545 1436 1539:

202 1458 432 1508 ναυφθόροις
466 1457 712 1508 ἦσθημένος
745 1458 940 1497 πέπλοισιν
979 1463 1014 1496 et
1051 1460 1256 1506 Pythaen.
1289 1460 1384 1505 apud
1416 1459 1545 1495 Athen.

203 1519 276 1554 XII
304 1519 375 1554 589
389 1529 458 1562 Sq.:
487 1517 733 1566 ἠσθημένος
760 1521 1119 1565 Πελοποννησιακῶς.

301 1575 517 1614 εὐπαθεῖν
544 1580 594 1623 (=
617 1578 722 1613 vitam
740 1578 927 1612 iucundam
945 1577 1081 1623 vivere),
1109 1578 1202 1620 quod
1226 1576 1428 1612 invenimus
1450 1576 1546 1621 apud

202 1635 397 1671 Libanium
434 1636 472 1674 in
507 1636 577 1672 vol.
607 1636 659 1673 IV
678 1637 758 1680 175,
781 1636 824 1671 15
842 1636 890 1679 R,
935 1647 979 1671 ex
1011 1636 1194 1670 Herodoto
1229 1635 1404 1680 originem
1435 1635 1544 1679 ducit,

204 1695 266 1738 qui
293 1695 330 1729 id
363 1695 511 1729 adhibet
544 1695 581 1729 II
609 1695 678 1729 133
714 1705 868 1729 narrans
902 1695 945 1728 de
981 1694 1044 1729 illo
1071 1694 1256 1738 Myoerino
1283 1693 1545 1737 Aegyptiorum

204 1763 301 1797 rege,
339 1753 386 1787 ad
411 1762 514 1795 quem
539 1752 717 1788 Libanius
744 1752 781 1786 in
809 1762 858 1787 or.
886 1752 905 1786 I
931 1752 978 1787 53
1003 1751 1164 1796 respicit,
1201 1754 1240 1786 ut
1265 1761 1375 1796 supra
1402 1751 1546 1786 demon-

204 1810 400 1847 stravimus
413 1810 457 1857 ⁵);
509 1811 598 1847 dicit
637 1814 756 1846 autem
799 1811 867 1846 hoo
902 1811 980 1846 loeo
1018 1811 1224 1846 Herodotus
1265 1810 1384 1846 πίνειν
1416 1823 1455 1844 τε
1487 1809 1547 1845 καὶ

202 1867 454 1913 &momentu
489 1870 552 1904 sed
583 1870 692 1904 etiam
734 1869 772 1904 II
800 1870 869 1904 174
902 1870 970 1904 hoc
1000 1870 1110 1904 verbo
1142 1869 1274 1904 utitur:
1322 1867 1474 1903 πίνοντά
1508 1881 1545 1903 τε

203 1928 263 1964 καὶ
289 1925 577 1963 εὐπαθέοντα.
629 1928 825 1963 Praeterea
855 1927 990 1972 legitur
1021 1928 1116 1972 apud
1146 1927 1365 1963 Platonem
1391 1926 1544 1962 Phaedr.

202 1998 236 2032 p.
257 1988 326 2023 247
346 1987 394 2023 D:
434 1990 526 2024 θεοῦ
560 1986 704 2024 διάνοια
735 2009 780 2013 -
800 2009 846 2012 —
879 1988 1073 2035 θεωροῦσα
1106 1986 1249 2035 τάληθῆ
1281 1986 1451 2034 τρέφεται
1484 1987 1546 2022 καὶ

305 2086 325 2122 ¹)
348 2085 433 2114 Conf.
457 2085 521 2114 Lib.
544 2094 584 2114 or.
609 2085 667 2113 XII
690 2086 743 2114 49:
766 2084 833 2114 οὐδ’
857 2086 1075 2122 ἐπικατέσφαξε
1097 2088 1160 2116 ταῖς
1180 2087 1329 2122 κειμέναις
1349 2082 1408 2111 τῶν
1429 2081 1546 2112 πόλεων

202 2132 255 2164 τόν
276 2133 493 2173 κατενεγκόντα
514 2137 563 2163 κτλ

303 2184 324 2220 ²)
346 2183 423 2212 Vide
444 2183 585 2212 Schmid
611 2184 630 2213 l.
647 2192 670 2214 e.
692 2184 750 2213 vol.
772 2183 787 2217 I
807 2192 834 2220 p.
850 2183 915 2212 306.

302 2232 325 2269 ³)
346 2232 497 2270 Mythogr.
514 2233 619 2261 Graec.
641 2233 698 2262 vol.
714 2232 746 2261 II
767 2233 842 2262 fasc.
858 2232 871 2260 I
893 2241 920 2269 p.
935 2232 982 2269 22,
999 2232 1036 2261 10
1056 2231 1100 2260 ed.
1122 2231 1197 2268 Edg.
1213 2230 1346 2259 Martini.

301 2282 324 2319 4)
346 2282 467 2311 Libanii
488 2282 552 2311 loco
573 2282 686 2311 collato
707 2282 786 2322 apud
808 2281 994 2311 Herodotum
1015 2281 1146 2310 fortasse
1168 2280 1353 2309 scribendum
1376 2282 1424 2308 est
1444 2278 1547 2317 ῥάκεα,

202 2330 280 2367 quod
309 2330 400 2360 facile
427 2332 458 2360 in
487 2329 591 2370 ῥάκεσι
621 2332 723 2368 potuit
744 2331 894 2367 corrumpi
923 2330 1013 2368 (conf.
1034 2328 1177 2359 ‘PAKEA
1198 2332 1229 2357 et
1248 2327 1441 2365 ‘PAKE01);
1478 2337 1547 2357 nam

203 2380 295 2407 etiam
318 2379 360 2409 VI
375 2380 431 2407 112
458 2379 629 2408 Herodotus
651 2379 706 2408 hoc
727 2379 919 2416 participium
942 2387 1009 2407 cum
1037 2378 1208 2406 accusativo
1231 2377 1405 2414 coniungit:
1435 2375 1545 2415 πρῶτοι

204 2428 235 2456 δὲ
256 2426 424 2465 ἀνέσχοντο
453 2426 565 2465 ἐσθῆτά
593 2438 625 2469 τε
646 2426 788 2464 Μηδικὴν
817 2426 950 2464 ὁρέοντες
976 2425 1114 2458 καὶτοὺς
1139 2422 1250 2462 ἄνδρας
1277 2424 1412 2462 ταύτην
1433 2423 1546 2463 ἡσθη-

203 2478 349 2514 μένους.

302 2525 325 2562 ⁶)
349 2525 424 2555 Vide
444 2534 512 2562 pag.
534 2527 581 2555 45.
