1848 2929
911 193 958 227 42

264 307 454 356 πρότερον,
481 309 607 356 ῥῆξαι
634 307 708 356 τήν
734 308 879 357 φωνὴν
906 309 942 345 ἕν
964 311 1008 357 τῇ
1030 310 1096 345 τοῦ
1113 308 1252 358 πατρὸς
1280 311 1497 358 συμφορᾷ;
1524 310 1614 345 haec

263 362 311 403 et÷³
324 367 407 412 ipsa
432 368 617 404 Herodoto
645 368 819 404 debentur
832 368 869 415 ¹),
902 369 964 414 qui
990 372 1117 406 narrat
1150 369 1168 405 I
1195 369 1241 405 85
1268 369 1437 406 Croesum
1469 369 1513 405 de
1537 368 1612 404 filio

263 438 327 462 suo
354 431 452 463 muto
482 427 685 471 Apollinem
717 428 959 473 consuluisse;
1003 432 1053 473 et,
1086 432 1126 464 ut
1156 429 1333 465 Herodoti
1358 428 1480 465 verbis
1511 431 1611 463 utar:

264 484 284 532 ἡ
312 484 351 522 δὲ
379 486 511 532 Πυθίη
537 483 573 521 οἱ
598 481 678 521 εἶπε
705 484 811 522 τάδε·

431 548 536 586 Λυδὲ
563 548 672 594 γένος,
701 550 845 586 πολλῶν
870 551 1033 596 βασιλεῦ,
1059 550 1151 596 με’γα
1175 549 1281 598 νήπιε
1306 553 1455 598 Κροῖσε,

429 605 479 654 μη
505 607 642 652 ρὀίλου
668 606 889 644 πολύευκτον
916 607 973 656 ἰην
998 607 1065 644 dvo}
1090 607 1227 654 δώματ’
1252 607 1397 644 α’κούειν

431 663 567 706 παιδός
594 665 859 714 φθεγγομένου.
911 665 952 703 vd
979 667 1019 704 δέ
1046 680 1103 704 σοι
1132 665 1227 704 πολὺ
1253 665 1362 704 λώιον
1387 665 1504 715 ἀμφὶς

431 722 601 769 ἔμμεναι·
637 723 790 773 αὐδήσει
817 724 883 773 γὰρ
910 725 947 761 ἐν
976 725 1082 773 ἤματι
1110 727 1254 774 πρῶτον
1279 724 1432 772 ἀνόλβῳ.

264 786 505 834 ἁλισκομένου
531 786 575 837 δη
592 790 658 824 τοῦ
683 788 832 833 τείχεος,
861 789 916 838 ἤϊε
934 788 1000 838 γὰρ
1026 791 1097 826 τῶν
1113 802 1171 830 τις
1189 788 1363 839 Περσέων
1386 788 1615 836 ἀλλογνώσας

263 850 425 896 Κροῖσον
452 846 501 889 ως
527 845 764 890 οἷποκτενὲων,
793 852 953 897 Κροῖσος
979 849 1045 895 μέν
1064 863 1125 884 νυν
1143 848 1264 897 ὁρέων
1282 848 1431 885 ἐπιόντα
1456 846 1528 884 ὑπὸ
1550 849 1615 896 τῆς

262 905 470 954 παρεούσης
497 908 724 955 συμφορῆς
750 907 1012 956 παρημελήκεε,
1041 907 1126 945 οὐδέ
1143 907 1179 943 τί
1206 907 1242 943 οἱ
1268 907 1416 955 διέφερε
1442 905 1613 954 πληγέντι

261 963 485 1001 ἀποθανεῖν·
526 964 545 1001 ὁ
573 965 617 1002 δὲ
644 969 748 1006 παῖς
783 960 889 1007 οὗτος
922 965 941 1003 ὀ
973 965 1146 1014 ἄφωνος
1180 965 1229 1007 ὡς
1262 962 1337 1003 εἶδε
1369 965 1520 1002 ἐπιόντα
1552 964 1615 1001 τὸν

262 1022 410 1071 Πέρσην
436 1022 508 1060 ὑπὸ
543 1023 648 1064 δέους
679 1038 717 1060 τε
743 1026 803 1060 καὶ
829 1027 939 1060 κακοῦ
974 1023 1128 1073 ἔρρηξε
1154 1023 1313 1073 φωνήν,
1348 1020 1429 1061 εἷπε
1461 1023 1501 1060 δὲ
1527 1021 1615 1066 „de-

264 1089 432 1130 θρωπε,
459 1081 509 1130 μὴ
535 1086 646 1119 κτεῖνε
672 1086 871 1131 Κροῖσον“;
899 1084 1062 1120 videmus
1089 1084 1204 1129 igitur
1221 1084 1417 1120 Libanium
1444 1083 1509 1119 illo
1535 1083 1614 1119 loco

263 1142 316 1177 ita
348 1153 393 1177 ex
419 1143 604 1177 Herodoto
636 1143 808 1186 pendere,
844 1146 884 1178 ut
916 1143 1010 1178 idem
1036 1154 1164 1178 nomen
1198 1140 1371 1190 συμφορὰ
1405 1146 1441 1177 et
1467 1142 1615 1177 eandem

262 1200 481 1237 locutionem
508 1199 678 1249 ῥηγνύναι
704 1199 769 1249 τήν
795 1199 920 1249 φωνὴν
947 1202 1119 1238 adhibeat
1131 1201 1168 1248 ²).
1199 1223 1243 1227 -—
1271 1202 1341 1238 Sed
1366 1201 1440 1237 iam
1459 1201 1501 1236 de
1534 1211 1614 1236 sen-

264 1259 391 1294 tentiis
418 1261 464 1295 ad
491 1260 661 1295 Croesum
687 1260 954 1304 pertinentibus
981 1260 1072 1295 satis
1100 1260 1256 1295 diximus
1268 1258 1305 1305 s).

363 1338 392 1363 c.
419 1327 524 1364 Nunc
551 1329 594 1364 de
621 1328 752 1364 ceteris
779 1328 970 1364 sententiis
996 1339 1018 1364 a
1044 1328 1201 1365 Libanio
1229 1339 1273 1364 ex
1299 1327 1476 1364 Herodoti
1501 1326 1614 1363 histo-

263 1387 331 1422 riis
371 1387 595 1431 depromptis
635 1387 868 1431 disputemus.
922 1388 964 1422 In
1004 1388 1162 1431 epistula
1202 1388 1295 1423 1077
1335 1388 1382 1422 ad
1421 1386 1614 1421 Tatianum

264 1445 376 1481 missa
406 1445 537 1481 scribit
563 1446 757 1481 Libanius:
791 1447 1006 1494 Λυκοῦργος
1036 1444 1102 1491 μὲν
1133 1443 1198 1493 γάρ
1230 1445 1289 1481 καὶ
1315 1443 1508 1493 Σωκράτης
1538 1447 1615 1485 τοῖς

263 1503 301 1540 ἑκ
329 1505 487 1552 -Ιελφιῦν
513 1508 691 1553 χρησμοῖς
717 1499 992 1552 ἑκοσμὴθησαν,
1028 1506 1117 1541 haee
1143 1506 1336 1541 referenda
1367 1508 1451 1540 sunt
1477 1505 1523 1540 ad
1549 1504 1615 1539 illa

263 1563 422 1608 oracula,
451 1574 601 1607 quorum
628 1564 782 1599 alterum
806 1564 960 1608 legimus
987 1565 1083 1608 apud
1109 1565 1195 1600 Her.
1215 1564 1233 1599 I
1251 1564 1309 1608 65,
1336 1564 1399 1599 ubi
1425 1566 1613 1599 narratur:

263 1619 484 1670 Λυκούργου
509 1644 555 1647 -
583 1621 757 1664 ἐλθόντος
782 1621 820 1663 ἐς
840 1621 1011 1671 Δελφοὺς
1038 1621 1100 1658 ἐπὶ
1125 1621 1167 1658 τὸ
1185 1620 1414 1671 χρηστήριον,
1442 1620 1491 1663 ώς
1517 1619 1615 1669 ε’σηῖε

264 1680 302 1721 ἐς
327 1679 369 1716 τό
395 1680 564 1729 μέγαρον,
592 1679 708 1722 εὐθὺς
735 1681 756 1729 ἡ
784 1681 915 1729 Πυθίη
941 1681 1035 1727 λέγει
1060 1680 1166 1718 τάδε·

432 1743 541 1793 ἥκεις,
569 1740 598 1781 ὦ
625 1744 827 1794 Λυκόοργε,
855 1744 942 1791 ε’μόν
969 1747 1055 1782 ποτὶ
1083 1745 1195 1781 πίονα
1223 1743 1309 1792 νηὸν

431 1804 524 1851 Ζηνὶ
550 1804 659 1852 φίλος
683 1805 742 1841 καὶ
768 1806 880 1841 πᾶσιν
905 1803 1085 1849 Ὀλύμπια
1112 1802 1249 1849 δώματ’
1275 1802 1431 1847 ἔχουσιν.

432 1862 521 1906 δίζω
549 1862 570 1911 ἥ
596 1876 636 1899 σε
661 1861 751 1899 θεὸν
776 1863 1024 1909 μαντεύσομαι
1053 1862 1073 1911 ἢ
1098 1862 1348 1910 ἄνθρωπονῆ.

432 1920 511 1958 ἀλλ’
537 1920 591 1958 ἐτι
617 1923 677 1958 καὶ
702 1923 840 1967 μᾶλλον
868 1921 957 1960 θεὸν
982 1921 1154 1967 ἔλπομαι,
1181 1917 1210 1957 ὦ
1236 1921 1437 1970 Λυκόοργε,

265 1986 421 2021 alterum
449 1985 488 2020 in
506 1986 599 2021 Plat.
620 1986 793 2030 apologia
810 1986 973 2021 Socratis
999 1996 1082 2030 pag.
1104 1986 1147 2020 21
1166 1985 1196 2020 A
1228 1985 1403 2020 traditur:
1431 1985 1616 2021 Socratem

265 2044 431 2080 omnibus
471 2043 677 2079 hominibus
717 2044 976 2088 sapientiorem
1016 2054 1104 2080 esse.
1164 2044 1262 2079 Idem
1301 2044 1394 2080 illud
1432 2044 1617 2080 oraculum

367 2142 386 2178 ¹)
409 2142 474 2170 Hoc
495 2141 557 2170 iam
578 2141 648 2170 Iac.
672 2141 821 2170 Morelli
842 2142 873 2169 in
895 2141 1026 2169 editione
1048 2140 1214 2170 adnotavit.

364 2191 386 2228 2)
408 2191 512 2221 Croesi
532 2189 613 2220 filius
636 2193 738 2220 mutus
760 2199 778 2219 a
800 2190 997 2227 scriptoribus
1019 2191 1139 2227 saepius
1160 2191 1317 2228 repetitur,
1339 2190 1423 2220 velut
1444 2189 1523 2227 apud
1544 2189 1616 2219 Luc.

264 2250 318 2278 pro
340 2242 430 2279 imag.
447 2241 486 2270 20
507 2243 538 2269 et
559 2240 630 2278 gall.
648 2241 703 2276 253
732 2240 820 2269 Dion.
843 2240 945 2276 Chrys.
968 2240 1015 2276 64,
1030 2240 1096 2269 592.

364 2290 386 2327 ³)
409 2290 510 2320 Verba
534 2290 652 2318 Libanii
679 2290 709 2317 in
732 2289 806 2318 decl.
828 2288 843 2316 I
868 2289 886 2325 ἓ
908 2289 978 2318 158;
1006 2288 1104 2327 Κῦρος
1125 2293 1257 2327 Κροῖσον
1278 2287 1415 2318 καθελών
1437 2305 1473 2309 -
1496 2289 1616 2325 ἐποίησε

266 2339 341 2376 (scil.
364 2338 417 2377 τὴν
438 2338 498 2369 τῶν
521 2338 649 2378 Περσῶν
671 2336 776 2377 ἰσχὺν)
809 2339 910 2375 potius
933 2337 1031 2367 refero
1059 2338 1096 2367 ad
1118 2338 1368 2375 Thucydidem
1396 2338 1411 2366 I
1433 2337 1485 2367 16:
1518 2336 1618 2376 Κῦρος

266 2392 316 2418 καὶ
338 2387 352 2426 η’
379 2388 509 2427 Περσικὴ·
531 2391 654 2422 ἐξουσία
676 2392 812 2426 Κροῖσον
833 2387 1007 2417 καθελοῦσα
1027 2397 1116 2423 quam
1138 2389 1175 2417 ad
1198 2388 1385 2417 Herodotum
1406 2387 1421 2415 I
1435 2388 1489 2416 95:
1513 2386 1616 2425 Κῦρον

267 2436 348 2470 ὅστις
368 2437 426 2466 ἐών
446 2436 500 2475 τὴν
521 2441 656 2476 Κροίσου
676 2435 778 2476 ἀρχὴν
801 2438 923 2466 κατεῖλε.

366 2486 388 2524 ⁴)
410 2487 456 2516 Cf.
479 2486 653 2516 Themist.
682 2495 724 2516 or.
746 2486 808 2516 VII
836 2494 863 2522 p.
881 2485 1030 2522 116,5sq.
1072 2495 1114 2515 or.
1137 2486 1209 2516 XIX
1235 2495 1262 2523 p.
1278 2486 1345 2522 275,
1360 2486 1378 2515 4
1393 2494 1474 2522 sqq.·
1496 2494 1538 2516 or.
1560 2484 1617 2515 XV

268 2544 296 2572 p.
312 2536 378 2572 237,
392 2536 429 2564 22
445 2545 505 2572 sqq.
