1848 2929
840 228 886 262 97

189 349 270 393 ipsa
297 348 433 392 ferunt,
465 349 505 381 ut
529 346 653 381 rhetor
678 346 857 391 permulta
888 357 933 381 ex
958 346 1142 381 Herodoto
1169 344 1333 388 hauriat3
1370 343 1408 379 in
1435 354 1536 388 apo-

188 406 309 452 logia
343 404 538 441 Socratis
564 404 611 451 (I)
646 408 683 441 et
715 404 754 440 in
779 404 1004 441 invectiva
1036 404 1079 440 in
1112 403 1367 440 Aeschinem
1399 402 1536 448 (XVII)

189 475 260 501 non
284 474 402 509 pauca
428 463 594 508 exempla
619 474 639 499 e
661 464 772 500 Patre
793 463 980 500 Historiae
1005 463 1122 508 petita
1148 462 1403 506 inveniuntur;
1440 472 1536 497 ora-

189 524 352 559 tionum
384 522 612 567 potissimum
639 522 703 567 eis,
739 532 831 566 quae
861 523 908 558 ad
940 522 1038 568 γένος
1068 519 1310 559 ἐπιδεικτικὸν
1340 520 1536 566 pertinent,

136 618 138 620 .
188 581 539 617 rhetorHerodotea
564 580 728 626 inseruit,
756 581 837 617 dico
864 591 935 626 eas,
963 591 1054 625 quae
1081 580 1347 616 inscribuntur:
1375 577 1536 615 Ἀντιο-

186 635 310 685 ’χικός
347 639 447 686 (ΧΙ),
492 638 568 680 Εἰς
605 638 841 677 Ἰουλιανόν
878 638 1177 688 αὐτοκράτορα
1215 637 1382 676 ὕπατον
1418 638 1534 686 (ΧΠ),

188 698 444 748 Ἐπιτάφιος
475 698 548 735 ἐπὶ
583 698 797 747 lavatam?
830 700 1004 747 (XVIII),
1049 697 1284 741 Βασιλικὸς
1317 698 1382 741 εἰς
1413 704 1535 735 Κων-

191 757 388 795 στάντιον
425 759 496 794 καὶ
530 757 792 795 Κιύνσταντα
826 759 952 806 (LIX).
1005 759 1074 795 Sed
1109 759 1218 794 etiam
1257 759 1296 794 in
1330 759 1462 795 ceteris
1500 763 1535 794 et

190 817 416 854 orationibus
454 820 491 854 et
528 818 852 854 declamationibus
894 821 930 854 et
971 818 1010 853 in
1048 818 1214 862 epistulis
1253 828 1386 863 magna
1428 818 1536 863 copia

188 876 347 912 locorum
378 877 425 911 ad
450 877 672 912 Herodotum
697 877 922 913 redeuntium
948 880 1077 920 exstat⁷
1109 877 1187 912 sive
1213 877 1307 919 quod
1333 877 1457 912 rhetor
1488 887 1534 911 ex

190 933 254 969 illo
289 934 453 979 exempla
486 934 627 980 attulit,
666 935 745 971 sive
778 935 872 979 quod
906 935 1017 971 verba
1057 937 1092 969 et
1125 934 1324 970 locutiones
1359 935 1533 978 quasdam

190 993 394 1038 singulares
421 1005 465 1030 ex
491 1005 532 1030 eo
558 998 740 1030 mutuatus
766 998 831 1030 est.

288 1051 415 1087 Altera
450 1063 469 1087 e
505 1055 608 1096 parte
642 1052 887 1088 Antiochenus
923 1052 1098 1087 Herodoti
1135 1052 1249 1087 libros
1285 1063 1356 1087 non
1393 1052 1533 1096 pariter

191 1120 312 1146 omnes
347 1110 386 1146 in
419 1121 520 1147 usum
558 1121 659 1147 suum
693 1111 882 1148 convertit.
934 1110 1078 1156 Optime
1113 1110 1285 1147 memoria
1318 1110 1435 1147 tenuit
1470 1121 1531 1147 eas

189 1173 312 1213 partes
337 1170 594 1214 Historiarum,
621 1170 751 1213 quibus
777 1171 821 1204 de
846 1171 1037 1205 Persarum
1063 1170 1210 1213 regibus
1236 1173 1416 1205 narratur.
1460 1170 1531 1205 Sed

190 1227 299 1263 etiam
332 1227 464 1263 multas
494 1227 589 1263 alias
619 1230 742 1272 partes
772 1229 884 1272 probe
910 1227 1023 1272 novit,
1058 1227 1249 1263 nonnullas
1274 1238 1360 1264 vero
1392 1228 1456 1273 ita,
1491 1231 1532 1264 ut

191 1297 252 1322 eas
278 1287 317 1321 in
343 1287 512 1330 operibus
538 1287 614 1322 suis
633 1286 889 1330 componendis
914 1290 999 1321 ante
1026 1286 1147 1321 oculos
1164 1286 1334 1322 habuisse
1352 1287 1528 1322 videatur.

190 1344 318 1388 Itaque
359 1344 457 1380 nullo
498 1345 602 1379 modo
645 1354 724 1379 cum
762 1344 1077 1390 Muenscher01)
1122 1343 1287 1379 dubitare
1320 1344 1407 1380 licet
1446 1345 1531 1388 quin

189 1403 367 1440 Libanius
392 1403 569 1440 Herodoti
594 1403 779 1439 Historias
810 1403 1006 1448 diligenter
1035 1403 1176 1448 legerit,
1208 1403 1422 1447 praesertim
1453 1415 1531 1439 cum

189 1462 307 1497 tribus
332 1462 422 1497 locis
434 1461 460 1508 ²)
487 1472 525 1497 se
552 1472 631 1496 eum
657 1461 838 1506 respicere
863 1461 942 1506 ipse
967 1462 1154 1505 professus
1181 1462 1239 1496 sit.

292 1589 312 1625 ¹)
334 1589 372 1618 K.
393 1588 626 1625 Muenscher,
654 1588 778 1617 Bericht
803 1588 877 1617 iiber
898 1588 946 1617 die
966 1588 1123 1617 Literatur
1152 1597 1207 1617 zur
1232 1589 1360 1617 zweiten
1380 1588 1531 1625 Sophistik

191 1637 393 1676 (rednerische
413 1637 590 1675 Epideiktik
616 1637 676 1667 und
697 1637 978 1675 Belletristik)‘aus
999 1637 1055 1666 den
1077 1637 1191 1667 Jahren
1222 1637 1422 1674 1905-1909,
1444 1637 1529 1667 Burs.

189 1687 327 1717 Jahresb.
349 1687 407 1716 vol.
429 1687 494 1716 CIL
517 1687 593 1717 1910
613 1687 660 1716 III
681 1696 708 1724 p.
725 1687 790 1717 152.

288 1737 310 1773 ²)
333 1736 408 1765 Vide
428 1745 496 1774 pag.
511 1737 538 1766 2.

246 2538 394 2568 warner,
415 2539 453 2563 ne
469 2539 577 2562 nummi
593 2538 691 2562 studiis
707 2538 868 2561 Hermoneis
1395 2528 1411 2557 7
