1848 2929
946 213 993 248 52

386 330 604 373 Herodotus,
645 333 835 373 postquam
875 330 926 365 VI
952 331 1022 364 138
1063 329 1229 364 narravit
1259 329 1434 372 Pelasgos
1474 329 1643 364 mulieres

287 386 575 432 Atheniensium,
603 398 693 431 quas
719 390 846 432 raptas
872 387 910 422 in
938 387 1093 423 insulam
1114 388 1286 423 Lemnum
1313 390 1475 432 egerant,
1503 397 1643 422 earum—

287 457 355 489 que
383 456 514 490 pueros
541 446 782 489 interfecisse,
810 446 932 489 pergit
951 446 1089 481 dicere:
1117 444 1193 481 ἀπὸ
1216 443 1348 481 τούτου
1372 467 1417 470 -
1446 447 1511 480 τοῦ
1536 443 1643 493 ἔργου

287 504 347 541 καὶ
380 505 447 540 τοῦ
480 503 662 553 προτέρου
696 503 849 547 τούτων,
885 502 905 540 ὃ
936 503 1132 553 ἐργάσαντο
1165 503 1205 541 αἱ
1238 507 1414 552 γυναῖκες,
1448 502 1535 545 τούς
1567 501 1644 550 ἅμα

289 563 424 600 Θόαντι
443 562 578 612 ἄνδρας
596 563 794 612 σφετέρους
811 562 1086 607 ἀποκτείνασαι,
1105 563 1315 609 νενόμισται
1334 562 1401 599 <ivd
1417 562 1644 612 τὴνἙλλάδα

285 622 331 659 τὰ
358 622 537 667 σχέτλια
572 621 675 670 ἔργα
710 622 829 659 πάντα
851 622 1004 671 Λήμνια
1029 625 1234 661 καλεῖσθαι.
1280 623 1337 658 Ad
1369 623 1460 659 haec
1492 622 1644 668 respicit

288 682 478 726 Libanius,
506 693 586 717 cum
613 682 651 717 in
679 693 732 726 ep.
755 683 801 717 24
828 683 872 718 de
889 683 1104 719 Nicomedia
1128 686 1248 718 terrae
1265 686 1364 718 motu
1391 693 1519 718 eversa
1537 681 1642 717 dicit:

287 739 433 780 τούτοις
466 739 651 781 τοιούτοις
686 739 896 788 προσετέθη
924 739 1101 788 Λήμνιά
1135 754 1226 788 φασι
1260 739 1373 776 κακά.
1426 741 1476 776 Et
1509 751 1554 775 ex
1587 751 1644 776 Se—

286 799 498 843 quentibus:
536 800 674 845 μᾶλλον
709 798 747 836 δὲ,
781 798 910 848 μικρόν
943 814 976 836 τι
1014 795 1120 836 εἷπον
1152 797 1192 835 τὸ
1227 800 1359 845 πτῶμα
1395 799 1644 846 Νικομηδείας

288 858 451 905 δηλῶσαι
478 859 678 905 βουληθεὶς
711 861 804 898 ἰοῖς
830 857 873 893 ἐν
900 858 1059 905 Λήμνῳ
1086 861 1234 899 κακοῖς
1260 858 1506 903 intellegimus
1532 858 1644 893 Liba-

286 916 386 952 nium
421 916 497 953 illis
524 917 648 953 verbis
680 928 750 953 non
783 918 885 953 modo
912 917 1197 962 proverbialiter
1222 916 1292 962 uti,
1329 917 1392 952 sed
1419 916 1528 952 etiam
1555 917 1644 952 bene

288 976 382 1011 scire
410 987 463 1020 ea,
491 987 583 1020 quae
610 977 815 1012 Herodotus
843 977 886 1012 de
912 976 989 1012 illis
1015 976 1178 1012 Lemniis
1206 975 1312 1011 malis
1338 976 1454 1012 tradit
1465 975 1502 1022 ¹).

386 1035 430 1069 In
470 1045 520 1069 or.
550 1035 638 1069 LXI
668 1036 711 1068 17
757 1035 847 1069 dicit
888 1035 1029 1070 rhetor:
1074 1033 1309 1081 ἱππόδρομος
1356 1034 1644 1080 Βαβυλωνίων

286 1093 442 1137 τειχῶν
478 1091 710 1141 ἰσχυρότερος
756 1096 792 1128 et
827 1093 866 1128 in
901 1104 955 1138 ep.
987 1093 1073 1129 196:
1121 1093 1188 1141 Ε’ίη
1224 1092 1263 1129 δέ
1296 1107 1360 1138 μοι
1391 1090 1503 1141 μικροὶ
1536 1105 1643 1128 κατα-

288 1150 531 1195 σκευάζεσθαι
576 1151 828 1198 συνηδομένων
870 1150 1041 1188 ἁπάντων
1081 1151 1101 1199 ἢ
1139 1150 1394 1199 βαρυνομένων
1435 1150 1480 1187 τὰ
1521 1152 1642 1198 τείχη

288 1208 576 1256 Βαβυλωνίων
615 1214 651 1246 et
689 1210 727 1245 in
759 1210 849 1246 decl.
876 1211 985 1247 XVII
1024 1211 1133 1256 §592
1180 1209 1200 1258 ἦ
1234 1231 1281 1235 -
1316 1208 1406 1251 θεὸς
1448 1209 1469 1258 ἡ
1512 1209 1643 1256 ξυλίνῳ

286 1268 421 1312 τείχει
473 1268 692 1317 κρείττονι
739 1271 815 1304 τοῦ
854 1269 1138 1315 Βαβυλωνίου
1185 1268 1376 1313 τειχίσασα
1414 1266 1477 1317 τήν
1523 1267 1642 1305 πόλιν.

288 1328 532 1373 Quamquam:
563 1328 781 1374 „Babylonis
807 1341 926 1364 muros
945 1329 1124 1364 celebravit
1151 1329 1343 1373 antiquitas
1367 1329 1418 1364 ita
1443 1332 1482 1364 ut
1506 1329 1545 1363 in
1559 1340 1642 1373 pro-

286 1387 442 1422 verbium
475 1387 645 1423 abierint“
658 1386 695 1432 ²),
740 1391 860 1422 tamen
895 1387 950 1422 liis
994 1387 1084 1422 locis
1116 1387 1311 1422 Libanium
1345 1388 1390 1422 ad
1421 1387 1642 1422 Herodotum

286 1448 453 1489 spectare
480 1449 583 1490 puto,
625 1446 685 1489 qui
719 1446 762 1481 de
788 1446 967 1481 moenium
994 1446 1302 1491 Babylonicorum
1331 1445 1581 1489 magnitudine
1608 1449 1644 1480 et

286 1503 461 1539 firmitate
479 1507 608 1540 narrat
634 1504 652 1539 I
673 1505 881 1549 178—1813
909 1516 992 1540 nam
1011 1516 1055 1540 ex
1074 1504 1257 1549 capitibus
1284 1505 1370 1541 Her.
1390 1504 1409 1540 Ι
1429 1505 1499 1540 180
1517 1507 1553 1540 et
1574 1505 1639 1540 181

286 1563 412 1598 rhetor
438 1563 624 1607 complura
651 1564 829 1599 vocabula
855 1567 1039 1599 mutuatus
1066 1568 1130 1599 est.

386 1621 436 1657 Ut
470 1621 595 1657 Croesi
630 1625 666 1656 et
700 1621 819 1667 Gygis
854 1622 1018 1666 divitiae,
1054 1622 1107 1657 ita
1142 1622 1386 1666 Arganthonii
1420 1625 1585 1657 senectus
1620 1632 1642 1657 a
1693 1611 1697 1621 ¹

289 1679 446 1715 Libanio
474 1679 727 1727 celebratur3).
764 1681 1039 1725 Arganthonius
1066 1692 1130 1716 rex
1157 1680 1437 1724 Tartessiorum,
1464 1684 1504 1716 ut
1530 1680 1644 1716 tradit

289 1738 495 1773 Herodotus
521 1739 540 1772 I
568 1739 648 1782 163,
685 1743 827 1773 centum
853 1739 989 1783 viginti
1021 1750 1135 1774 annos
1161 1743 1269 1774 natus
1295 1740 1339 1774 de
1364 1739 1443 1774 vita
1471 1739 1642 1782 excessit3

288 1795 360 1830 iam
386 1796 615 1832 Anacreon
644 1797 713 1841 frg.
734 1798 756 1832 8
783 1801 1004 1833 senectutem
1022 1797 1269 1842 Arganthonii
1287 1801 1552 1842 commemorat,
1580 1798 1643 1833 sed

286 1854 376 1889 dicit
403 1865 483 1889 eum
501 1855 639 1890 vixisse
666 1860 806 1890 centum
834 1860 871 1890 et
896 1856 1162 1900 quinquaginta
1188 1866 1312 1899 annos,
1340 1866 1411 1890 non
1438 1859 1578 1891 centum
1605 1859 1643 1891 et

286 1912 432 1957 viginti.
485 1913 545 1948 Ex
571 1913 628 1948 his
656 1914 793 1949 duobus
820 1914 1060 1958 scriptoribus
1087 1914 1210 1958 ceteri,
1238 1913 1300 1957 qui
1327 1914 1370 1949 de
1389 1914 1640 1959 Arganthonio

285 1975 448 2016 narrant,
476 1972 633 2016 pendere
660 1972 749 2007 mihi
775 1972 963 2017 videntur;
1001 1984 1082 2009 nam
1110 1973 1524 2009 Pseudo-Lucianus
1551 1974 1641 2019 (ma—

285 2032 382 2066 crob.
402 2030 471 2077 10),
499 2031 656 2068 Strabo
679 2031 751 2078 (III
771 2031 867 2078 225),
897 2032 1088 2077 Phlegon
1107 2032 1360 2068 Trallianus
1379 2032 1465 2078 (frg.
1482 2033 1539 2077 29,
1554 2032 1640 2079 4)⁴),

286 2099 331 2123 ex
357 2093 510 2133 utroque
542 2101 580 2126 se
613 2090 715 2125 illum
743 2100 848 2125 nosse
881 2090 953 2134 ipsi
980 2091 1150 2133 dicunt-⁷³).
1203 2091 1326 2126 Etiam
1353 2090 1546 2135 Libanius,
1579 2091 1641 2134 qui

285 2147 579 2192 Arganthonium
627 2148 774 2193 saepius
817 2148 999 2193 nominat,
1051 2149 1157 2185 huius
1198 2150 1298 2195 regis
1341 2149 1549 2185 memoriam
1593 2151 1639 2185 ab

287 2206 473 2242 Herodoto
518 2207 700 2243 delibasse
745 2208 834 2242 mihi
878 2207 1043 2251 videtur;
1098 2208 1188 2243 dicit
1229 2208 1324 2243 enim
1366 2208 1404 2243 in
1446 2218 1499 2251 ep.
1529 2208 1638 2243 1460:

387 2313 408 2351 ¹)
430 2313 476 2342 Cf.
499 2313 697 2343 Salzmann
719 2314 737 2343 l.
752 2323 775 2343 c.
799 2324 825 2351 p.
841 2315 879 2343 37
892 2323 934 2350 sq.

386 2362 409 2399 ²)
431 2362 508 2392 Vide
532 2362 708 2392 Wolfium
730 2364 768 2392 ad
791 2372 835 2399 ep.
853 2364 908 2391 196
935 2366 966 2391 et
993 2363 1250 2392 salzmannum
1273 2363 1291 2391 l.
1309 2371 1333 2391 c.
1355 2372 1381 2399 p.
1398 2363 1444 2391 45.

382 2410 406 2447 ¹)
429 2410 474 2441 Of.
497 2410 695 2441 Salzmann
717 2412 736 2442 l.
753 2421 776 2441 c.
799 2421 825 2449 p.
841 2412 888 2442 30.

382 2460 405 2498 ⁴)
428 2461 550 2499 Fragm.
565 2460 635 2490 hist.
652 2463 757 2491 Graec.
780 2462 826 2491 ed.
843 2461 1036 2492 (?.F.llliillor
1058 2462 1114 2491 vol.
1131 2461 1175 2490 ΙΙΙ
1197 2471 1223 2499 p.
1236 2462 1295 2490 610
1314 2470 1375 2497 sqq.

382 2509 405 2546 ⁶)
427 2510 470 2539 Cf.
494 2509 671 2539 Themist.
695 2519 736 2538 or.
759 2511 790 2539 II
811 2520 838 2547 p.
854 2511 902 2546 46,
918 2512 950 2546 23
981 2512 1135 2548 Appian.
1158 2511 1235 2540 Iber.
1258 2511 1305 2540 63.
