1848 2929
945 216 1006 255 94·

288 336 445 372 Libanio
482 340 676 373 revocatur
711 337 749 372 in
788 348 838 373 or.
867 338 952 375 LIV
978 338 1019 373 5:
1060 336 1104 373 ου’
1141 336 1262 385 δείλης
1297 335 1425 385 ὀψίας,
1464 335 1508 373 οὐ
1541 338 1641 386 περὶ

288 394 450 440 λύχνων
475 394 599 444 ἁφάς.
635 396 689 432 Of.
719 396 829 432 etiam
856 397 978 433 Diod.
999 397 1081 433 Sic.
1109 396 1202 433 XIX
1229 397 1284 433 31,
1308 400 1345 433 et
1369 396 1547 442 Dionys.
1567 399 1640 432 ant.

287 455 389 490 Rom.
411 456 468 499 11,
488 455 545 490 30.

387 512 429 549 ἐν
456 511 589 561 σκέπῃ
615 515 691 549 τοῦ
717 512 913 559 πολέμου
940 516 1052 560 (tutus
1078 515 1122 551 ab
1139 515 1287 551 hostium
1313 515 1470 559 impetu).
1515 513 1572 549 Ad
1598 524 1642 549 ea

288 584 380 617 quae
413 573 568 617 legimus
603 574 699 616 apud
723 574 811 608 Her.
839 574 911 610 VII
931 575 1022 609 215:
1062 576 1097 609 οἱ
1127 572 1268 615 Φωκέες
1293 571 1498 621 φράξαντες
1529 571 1643 616 τείχεϊ

287 630 352 679 τὴν
388 628 541 679 ἐσβολὴν
570 626 659 678 ἦσαν
697 630 739 667 ἐν
773 631 907 680 σκέπῃ
943 634 1019 668 τοῦ
1053 632 1246 678 πολέμου
1285 635 1321 668 et
1353 632 1425 668 VII
1455 632 1541 667 172:
1580 629 1642 666 ἵνα

289 690 470 738 Θεσσαλίη
499 704 538 726 τε
563 691 623 727 καὶ
652 706 671 738 η
700 689 876 736 σύμπασα
904 687 926 739 ᾖ
950 690 1074 732 Ἑλλὰς
1101 691 1143 728 ἐν
1169 691 1303 740 σκέπῃ
1329 692 1406 727 τοῦ
1430 689 1640 736 πολέμου,

286 749 465 785 Libanius
491 753 633 793 spectat
667 750 704 784 in
739 750 828 785 decl.
849 751 899 786 IV
919 751 983 785 61:
1025 749 1109 797 ἡμῖν
1135 750 1201 794 μὲν
1226 753 1358 790 παῖδες
1392 750 1451 785 καὶ
1477 752 1642 795 γυναῖκες

286 809 347 845 καὶ
373 806 418 845 τὰ
444 806 537 845 ἄλλα
568 806 693 854 ἁγαθοὶ
722 807 850 856 πόρρω
882 822 955 844 που
982 807 1147 855 τυγχάνει
1174 808 1321 855 κείμενα
1347 807 1409 845 ἐπὶ
1435 809 1499 856 τῆς
1523 805 1642 844 Ἑλλά-

287 869 351 908 δος
376 867 419 903 ἐν
445 867 578 914 σκέπῃ
606 869 683 902 τοῦ
710 867 916 913 πολέμου.
952 869 1059 912 Apud
1086 872 1225 904 ceteros
1252 869 1401 904 eandem
1425 868 1642 903 locutionem

286 937 357 962 non
384 926 683 970 deprehendimus
711 926 783 962 nisi
810 927 906 970 apud
925 926 1108 962 Aristid.
1136 926 1207 962 vol.
1226 926 1245 961 I
1271 937 1305 971 p.
1325 926 1397 961 476
1416 926 1484 973 (ed.
1497 924 1640 971 Dind.):

287 984 330 1020 ἐν
357 983 491 1032 σκέπῃ
517 984 633 1031 πολλῇ
663 987 740 1019 τοῦ
770 984 974 1029 πολέμου.
1026 985 1203 1020 Conferas
1230 995 1321 1028 quae
1354 984 1527 1020 Similiter
1551 983 1642 1019 dicit

286 1044 492 1079 Herodotus
518 1043 536 1079 Ι
560 1043 645 1079 143;
674 1041 708 1079 οἱ
735 1041 917 1091 Μιλήσιοι
943 1042 1009 1088 μὲν
1037 1038 1125 1091 ἦσαν
1151 1042 1194 1079 ἕν
1221 1041 1356 1091 σκέπῃ
1381 1044 1460 1078 τοῦ
1485 1041 1639 1091 φόβου.

386 1101 533 1150 *παρά
571 1115 656 1137 τινι
695 1103 830 1150 κριτῇ.
883 1102 986 1147 Quod
1020 1102 1155 1146 legitur
1193 1103 1289 1146 apud
1327 1103 1549 1137 Herodotum
1582 1101 1641 1136 III

290 1161 376 1196 160:
422 1159 607 1209 Ζωπύρου
649 1159 689 1196 δὲ
736 1158 857 1201 οὐδεὶς
898 1158 1142 1209 ἀγαθοεργίην
1182 1159 1355 1209 Περσέων
1397 1158 1639 1208 ὑπερεβάλετο

287 1219 404 1267 παρὰ
433 1220 608 1266 Δαρείῳ
641 1222 764 1267 κριτῇ
798 1220 929 1264 (Darei
953 1221 1089 1265 quidem
1120 1221 1290 1256 sententia
1320 1219 1405 1266 eta),
1441 1220 1488 1255 ad
1518 1219 1556 1255 id
1582 1230 1638 1254 re-

289 1279 440 1314 ferenda
466 1281 560 1323 sunt,
588 1288 680 1322 quae
706 1278 796 1314 dicit
822 1278 1003 1314 Libanius
1034 1279 1071 1314 in
1098 1289 1148 1314 or.
1178 1279 1265 1314 LIX
1291 1278 1355 1314 83:
1390 1276 1431 1314 τὸ
1457 1276 1548 1324 μετὰ
1574 1276 1639 1324 τὴν

288 1336 429 1386 αἵρεσιν
466 1335 651 1384 βούλευμα
689 1335 783 1373 πολὺ
821 1339 885 1385 τῆς
918 1336 1094 1385 αἱρέσεως
1129 1336 1277 1383 ἄμεινον
1314 1336 1432 1386 παρά
1467 1349 1504 1383 γε
1542 1336 1638 1382 ἐμοὶ

287 1398 412 1444 κριτῇ
439 1397 529 1442 (mea
555 1397 693 1441 quidem
719 1398 902 1438 sententia)
930 1401 966 1432 et
992 1397 1029 1432 in
1056 1407 1109 1441 ep.
1130 1398 1219 1432 449:
1247 1395 1343 1432 τοῦτ’
1361 1396 1498 1432 ἐκείνου
1524 1394 1638 1444 παρὰ

288 1455 358 1490 σοὶ
390 1456 515 1502 κριτῇ
547 1454 673 1499 μεῖζον
712 1458 748 1490 et
780 1455 819 1490 in
851 1466 901 1490 or.
924 1456 1012 1490 192:
1053 1454 1314 1503 ποθεινότερον
1347 1453 1415 1502 γὰρ
1449 1453 1564 1502 παρά
1596 1468 1638 1501 γε

286 1512 409 1561 ὀρθῷ
441 1514 566 1561 κριτῇ
599 1511 722 1560 μηκέτ’
747 1509 841 1549 εἶναι
874 1512 895 1560 ἢ
922 1513 985 1561 ζῆν
1019 1513 1057 1549 ἐν
1090 1512 1268 1550 ὀνείδεσιν
1302 1517 1338 1549 et
1371 1514 1409 1549 in
1441 1524 1491 1549 or.
1510 1513 1640 1551 XVIII

287 1573 373 1608 188:
407 1570 451 1607 ου’
479 1571 680 1616 δυναμένου
705 1572 833 1620 φέρειν
864 1570 979 1619 παρὰ
1005 1573 1131 1619 κριτῇ
1158 1573 1385 1617 σπουδαίῳ
1413 1571 1636 1617 πλεονεξίαν.

285 1630 429 1666 Similia
455 1630 552 1674 apud
579 1633 718 1665 ceteros
745 1641 816 1665 non
844 1630 1056 1666 invenimus.

384 1687 458 1725 οὐκ
484 1687 523 1724 εἰ
529 1702 547 1730 ς
573 1687 744 1737 μακράν
770 1689 883 1734 (brevi
895 1694 975 1734 post
993 1689 1051 1725 vel
1074 1701 1143 1725 mm
1161 1690 1266 1726 multo
1283 1690 1396 1735 spatio
1413 1689 1636 1734 intermisso).

286 1749 422 1784 Dicens
473 1748 511 1783 in
556 1749 646 1784 decl.
674 1749 769 1784 XIII
800 1750 858 1783 14:
920 1747 994 1784 οὐκ
1037 1747 1100 1790 εἰς
1141 1747 1307 1796 μακρὰν
1356 1750 1472 1784 ταῦτα
1518 1747 1638 1784 πάντα

285 1802 366 1856 ἧκεν
404 1805 556 1856 α’θρόως
594 1806 639 1843 τὰ
679 1806 780 1845 δεινά
833 1808 958 1844 rhetor
1000 1807 1134 1853 repetit
1183 1818 1241 1851 ea,
1302 1818 1394 1852 quae
1432 1807 1638 1843 Herodotus

284 1868 436 1911 praebet
461 1867 494 1902 V
524 1867 610 1902 108:
644 1865 762 1908 Ἴωνες
797 1867 836 1903 δὲ
863 1865 939 1902 οὐκ
971 1866 1013 1907 ἐς
1039 1865 1202 1914 μακρὴν
1228 1865 1511 1912 βουλευσάμενοι
1540 1860 1638 1914 ἧκον

285 1925 411 1971 πολλῷ
448 1923 579 1971 στόλῳ;
626 1936 708 1960 nam
745 1929 894 1969 uterque
929 1926 1147 1961 locutionem
1176 1936 1255 1961 cum
1283 1927 1393 1962 verbo
1421 1923 1518 1974 ἥκειν
1554 1937 1637 1961 con-

284 1984 415 2029 iungit.
459 1984 657 2019 Praeterea
684 1988 805 2019 exstat
831 1985 927 2028 apud
945 1985 1167 2019 Herodotum
1194 1984 1232 2019 II
1254 1985 1319 2019 121
1334 1997 1372 2019 a:
1402 1983 1466 2020 τόν
1489 1983 1556 2030 μὲν
1581 1998 1637 2020 τε-

284 2043 457 2090 λευτῆσαι
483 2041 546 2077 τὸν
572 2041 664 2088 βίον,
690 2041 776 2083 τοὺς
802 2042 842 2079 δὲ
869 2045 1006 2084 παῖδας
1031 2041 1144 2078 αὐτοῦ
1170 2041 1243 2079 οὐκ
1274 2042 1317 2083 ἐς
1341 2042 1506 2092 μακρήν
1531 2042 1638 2091 ἔργου

284 2100 437 2145 ἔχεσθαι
472 2105 508 2136 et
541 2102 638 2145 apud
669 2101 864 2136 Libanium
899 2101 937 2136 in
973 2102 1061 2137 decl.
1089 2102 1145 2136 XI
1173 2102 1236 2137 20:
1270 2100 1344 2137 οὐκ
1376 2101 1440 2143 εἰς
1472 2101 1637 2150 μακρὰν

284 2159 469 2209 οἰχήσεται
505 2163 541 2196 et
569 2160 606 2195 in
635 2170 685 2195 or.
714 2159 842 2196 XVIII
869 2160 957 2195 235:
986 2158 1111 2205 ἔμελλε
1138 2159 1178 2197 δὲ
1203 2158 1274 2209 ἄρα
1300 2161 1361 2197 καὶ
1387 2159 1510 2210 ἕτερον
1537 2160 1637 2205 ἰσχυ-

284 2218 349 2268 ρὸν
376 2218 449 2256 οὐκ
475 2218 539 2260 εἰς
564 2217 729 2267 μακρὰν
761 2217 916 2260 ἀσθενὲς
941 2218 1276 2268 ἕπιδειχθήσεσθαι
1310 2224 1347 2257 et
1380 2221 1417 2256 in
1446 2231 1500 2266 ep.
1522 2221 1634 2257 1045:

283 2277 357 2315 οὐκ
390 2278 453 2320 εἷς
485 2277 649 2327 μακρὰν
687 2280 760 2313 τῶν
796 2279 895 2315 θεῶν
927 2277 972 2313 τὰ
1003 2278 1127 2315 δίκαια
1157 2278 1379 2323 ποιούντων;
1431 2280 1494 2315 sed
1526 2279 1635 2315 etiam

283 2339 379 2383 apud
407 2338 665 2384 Aeschylum
692 2336 810 2382 suppl.
830 2337 913 2381 925,
946 2338 1041 2382 apud
1068 2338 1402 2383 Aristophanem
1428 2348 1527 2382 vesp.
1547 2338 1635 2384 454,

283 2398 379 2441 apud
416 2397 745 2441 Xenophontem
784 2396 867 2441 Gyr.
894 2397 924 2432 V
948 2398 980 2441 4,
1005 2398 1067 2442 21,
1120 2398 1216 2442 apud
1258 2397 1517 2443 Dionysium
1560 2400 1634 2434 ant.

284 2456 384 2491 Rom.
401 2456 452 2492 VI
470 2457 529 2500 35,
545 2456 603 2500 36,
632 2456 728 2500 apud
746 2454 980 2490 Lucianum
1008 2456 1095 2501 gall.
1118 2457 1162 2491 19
1190 2459 1226 2491 et
1243 2457 1286 2492 de
1306 2459 1420 2492 morte
1438 2455 1583 2501 Peregr.
1599 2456 1633 2492 5.

286 2534 329 2538 —
359 2515 476 2558 Atque
503 2515 591 2550 haec
618 2514 760 2558 quidem
789 2514 833 2549 de
859 2514 1112 2551 locutionibus.
