1848 2929
926 199 976 234 90

274 327 375 351 onem
403 319 565 360 usurpat,
602 319 637 350 et
664 315 740 359 ipse
775 315 812 350 in
839 316 908 350 hac
934 326 973 350 re
1000 326 1045 350 ex
1071 315 1254 350 Herodoto
1281 315 1422 359 pendet.
1451 336 1496 339 —
1529 315 1627 349 Idem

275 378 330 411 est
356 375 452 419 apud
478 377 668 418 utrumque
694 385 780 410 usus
798 374 993 410 locutionis
1021 371 1125 422 ὀργῇ
1150 375 1361 422 χρῆσθαιτ
1389 373 1476 409 Her.
1492 373 1544 410 VI
1562 373 1627 409 85:

274 433 308 469 εἰ
344 435 407 469 νῦν
449 446 554 481 οργῃ
590 446 829 480 χρεωμένοι
871 431 1029 478 ἕγιωσαν
1069 431 1163 468 ου’τω
1199 433 1429 481 Σπαρτιῆται
1474 436 1510 468 et
1544 432 1626 468 Lib.

274 503 324 528 or.
352 492 411 528 III
442 492 502 528 15:
544 489 659 532 ενθύς
698 490 763 540 γὰρ
798 490 841 528 ἂν
878 490 915 527 ἐν
950 489 1075 533 αὐτοῖς
1110 494 1188 533 τοῖς
1225 489 1492 540 πραττομένοις
1527 488 1629 540 ὀργῇ

273 550 528 599 χρησασθαι
579 556 614 587 et
657 552 746 587 decl
775 551 848 588 VII
877 553 911 586 1:
962 552 1020 587 δεῖ
1062 550 1101 588 δὲ
1144 549 1291 588 ἕκαστον
1332 549 1448 596 ὑμῶν,
1494 548 1539 598 ἣν
1581 549 1630 587 ἂν

274 606 390 654 εἶχεν
416 608 545 659 ὀργὴν
576 608 690 650 αὐτός
715 611 860 646 τοιοῦτο
886 608 1098 652 πεπονθώς,
1130 623 1262 658 ταυτῃ
1288 608 1541 658 χρήσασθαι
1566 611 1628 646 καὶ

273 671 336 705 νῦν
363 669 400 705 ἐν
424 671 477 715 τῷ
503 668 663 713 δικάζειν
690 669 752 705 ἐπὶ
778 671 907 705 τοῦτον
940 673 975 704 et
1001 670 1071 705 vol.
1100 669 1150 706 IV
1179 670 1261 714 986,
1282 670 1387 713 3sq.:
1415 671 1542 717 βαρεῖς
1567 669 1628 704 καὶ

275 749 319 753 -
360 726 465 776 ὀργῇ
503 727 728 775 χρώμενοι.
793 728 931 773 Quibus
974 727 1065 762 locis
1105 727 1268 763 videmus
1310 731 1499 771 utrumque
1541 725 1629 774 ὀργῇ

272 787 436 835 χρῆσθαι
472 787 595 822 eodem
622 797 730 821 sensu
762 790 869 830 atque
904 784 1121 833 ὀργίζεσθαι
1151 786 1281 821 dicere.
1336 787 1442 830 Apud
1466 786 1628 829 reliquos

272 846 474 882 locutiones
503 846 646 881 easdem
673 856 744 881 non
761 844 916 890 legimus
943 844 1015 881 nisi
1042 845 1138 889 apud
1164 844 1272 881 Plat.
1293 844 1412 881 Alcib.
1432 844 1470 880 ΙΙ
1491 845 1557 880 141
1574 844 1626 880 A:

274 902 445 950 εὑρήσεις
480 902 640 942 πολλοὺς
666 902 733 938 οὐκ
763 902 866 950 ὀργῇ
890 902 1182 949 κεχρημένους
1217 907 1253 938 et
1286 903 1517 938 Herodian.
1536 903 1628 939 VIII

272 962 366 1007 4,1:
395 959 500 1010 ὀργῇ
526 961 595 997 καὶ
621 962 749 1008 θυμῷ
775 958 1003 1009 χριόμενος.

374 1018 532 1066 ψαύειν
567 1021 644 1056 τοῦ
677 1018 875 1067 οὐρανοῦ.
928 1020 1062 1056 Dicens
1096 1020 1135 1055 in
1162 1031 1212 1055 or.
1240 1020 1330 1056 LIX
1356 1020 1421 1055 53:
1458 1019 1627 1066 πατέρων

270 1077 398 1128 ἀρεταὶ
420 1077 644 1127 ψαύουσαι
668 1080 742 1128 τῆς
766 1077 976 1127 οὐρανίας
1002 1077 1166 1127 ἁψῖδος
1184 1078 1362 1116 Libanius
1380 1078 1627 1115 reminiscitur

273 1139 450 1175 Herodoti
488 1141 679 1175 verborum
711 1139 769 1174 III
796 1140 854 1184 30,
899 1139 962 1174 ubi
999 1140 1042 1174 de
1078 1139 1255 1185 Cambyse
1297 1139 1500 1175 somniante
1542 1150 1627 1174 nar-

271 1201 392 1233 ratur:
431 1196 551 1234 έδόκεέ
583 1196 618 1232 οἱ
649 1196 794 1243 ἄγγελον
826 1195 985 1234 ἐλθόντα
1019 1196 1057 1232 ἐκ
1091 1196 1265 1245 Περσέων
1291 1196 1473 1243 ἀγγέλλειν
1503 1195 1554 1237 ὠς
1588 1196 1626 1232 ἐν

271 1256 323 1302 τῷ
348 1254 472 1304 θρόνῳ
499 1256 552 1303 τῷ
578 1255 758 1304 βασιληίῳ
786 1254 950 1302 ἱζόμενος
975 1254 1136 1304 Σμέρδις
1161 1257 1205 1304 τῇ
1230 1256 1369 1305 κεφαλῇ
1394 1256 1471 1292 τοῦ
1495 1253 1626 1304 ου’ρα-

273 1317 346 1349 νοῦ
380 1314 578 1361 ψαύσειε.
631 1315 701 1350 Sed
731 1315 864 1350 locutio
900 1313 1053 1362 οὐρανία
1079 1313 1174 1361 ἁψὶς
1207 1315 1353 1359 saepius
1386 1315 1579 1350 adhibetur
1604 1326 1626 1349 a

274 1373 513 1417 scriptoribus
547 1373 648 1409 velut
682 1373 791 1408 Plat.
819 1373 973 1408 Phaedr.
1003 1373 1073 1408 247
1097 1373 1147 1417 B;
1192 1374 1288 1408 Luc.
1326 1373 1382 1408 bis
1414 1384 1531 1409 accus.
1559 1373 1625 1417 33;

274 1432 399 1467 Anth.
427 1432 515 1467 Pal.
543 1432 599 1467 XI
627 1432 708 1476 208,
729 1432 770 1476 4;
807 1432 959 1468 Euseb.
989 1442 1112 1476 praep.
1141 1432 1160 1467 I
1185 1443 1219 1476 p.
1240 1433 1261 1467 8
1280 1432 1317 1468 C.

459 1549 499 1584 B.
536 1548 596 1584 De
627 1548 874 1585 nominibus
906 1548 1024 1584 inter
1055 1559 1149 1584 sese
1182 1548 1439 1585 coniunctis.

372 1616 553 1665 ἀπαθὴς
591 1618 728 1652 κακῶν
760 1618 946 1663 (malorum
983 1618 1130 1662 expers).
1191 1617 1370 1653 Libanius
1400 1617 1439 1652 in
1478 1618 1547 1653 vol.
1577 1618 1628 1654 IV

274 1676 379 1721 1018,
394 1677 439 1712 12
454 1687 505 1720 sq.
526 1676 665 1712 dicens:
693 1674 738 1712 τὰ
755 1675 821 1721 μὲν
839 1677 937 1713 θεῶν
955 1674 1126 1713 ἀθάνατα
1143 1675 1204 1712 καὶ
1223 1678 1354 1725 διαρκῆ
1371 1676 1431 1712 καὶ
1457 1675 1627 1712 πάντων

272 1733 428 1782 ἀπαθῆ
460 1736 613 1777 κακῶν,
655 1733 701 1770 τοὶ
738 1734 778 1772 δὲ
810 1733 1033 1783 ἀνθρώπινα
1065 1738 1146 1776 ταῖς
1178 1735 1400 1781 μεταβολαῖς
1435 1734 1626 1771 ὑπόκειται

271 1794 495 1830 Herodotum
527 1793 605 1830 sine
645 1793 753 1830 dubio
793 1793 971 1839 sequitur,
1019 1793 1081 1838 qui
1119 1793 1138 1829 I
1164 1794 1210 1829 32
1246 1797 1282 1830 et
1312 1793 1391 1839 ipse
1426 1794 1468 1830 de
1507 1805 1626 1830 rerum

272 1854 510 1889 humanarum
545 1853 792 1889 inconstantia
826 1864 939 1898 agens
974 1855 1065 1895 (πᾶν
1097 1852 1174 1889 ἐστι
1208 1851 1407 1901 ἄνθρωπος
1440 1851 1626 1902 συμφορή)

272 1911 381 1955 paulo
413 1914 496 1954 post
527 1911 634 1945 dicit:
678 1909 820 1958 ἄπηρος
852 1911 892 1947 δέ
919 1910 996 1946 ἐστι
1031 1911 1125 1957 (scil.
1154 1910 1175 1945 ὁ
1201 1910 1360 1959 μετρίως
1393 1910 1483 1954 ε”χων
1512 1912 1625 1957 βίον),

271 1967 438 2012 ἄνουσος,
474 1966 655 2017 ἀπαθής
689 1970 841 2012 κακῶν,
877 1967 1018 2012 εἴπαις,
1054 1967 1206 2018 εὐειδής.
1266 1969 1403 2006 Eadem
1445 1970 1626 2007 locutione

272 2029 479 2064 Herodotus
527 2029 772 2072 compluribus
824 2029 913 2064 locis
964 2029 1081 2064 utitur
1121 2029 1221 2065 velut
1270 2030 1309 2064 H
1336 2031 1424 2065 119:
1487 2029 1627 2078 Ἑλένην

272 2085 449 2123 ἀπαθέα
475 2088 612 2122 κακῶν
638 2084 811 2133 ἀπέλαβε,
852 2087 883 2123 V
913 2088 976 2122 19:
1009 2086 1089 2128 νέος
1113 2101 1152 2123 τε
1179 2085 1246 2123 ἐών
1270 2088 1330 2123 καὶ
1357 2089 1492 2124 κακῶν
1517 2087 1626 2125 ἀπα-

273 2145 372 2195 θής,
406 2147 479 2183 VII
507 2147 595 2183 184:
636 2144 816 2194 ἀπαθής
850 2160 893 2183 τε
927 2147 1064 2182 κακῶν
1097 2141 1138 2194 ἦν
1168 2145 1186 2184 ὁ
1222 2146 1392 2196 στρατός;
1440 2148 1487 2184 cf.
1515 2148 1623 2184 Plat.

271 2207 425 2242 Phaedr.
454 2206 527 2242 250
545 2206 589 2242 O:
626 2203 854 2252 ω’ργιάζομεν
879 2227 925 2230 -
952 2204 1145 2247 ἀπαθεῖς
1175 2208 1329 2249 κακῶν,
1363 2204 1432 2243 ὅσα
1464 2206 1557 2255 ἡμᾶς
1588 2206 1626 2243 ἐν

270 2263 411 2313 ὑστέρῳ
447 2263 563 2312 χρόνῳ
599 2263 776 2309 ὑπέμενεν
812 2267 848 2299 et
880 2264 1010 2300 Isocr.
1039 2265 1206 2310 Aeginet.
1236 2266 1291 2301 23.
1345 2265 1453 2311 Apud
1486 2269 1625 2302 ceteros

271 2325 410 2360 locutio
437 2336 509 2360 non
536 2327 669 2360 exstat.
707 2323 835 2359 Simile
863 2327 918 2359 est
944 2325 1039 2368 apud
1065 2325 1288 2360 Herodotum
1315 2325 1333 2360 I
1353 2325 1441 2360 207:
1469 2330 1627 2361 Μασσα-

272 2381 374 2428 γέται
401 2403 447 2407 -
473 2382 610 2418 καλῶν
636 2379 834 2428 μεγάλων
860 2379 1071 2424 ἀπαθέες.

371 2439 541 2488 *ἔργων
574 2438 865 2487 ἐπιθυμητής.
918 2441 1018 2486 Quae
1053 2441 1207 2486 legimus
1242 2442 1337 2485 apud
1370 2442 1457 2477 Her.
1485 2442 1556 2478 VII
1582 2442 1622 2476 6:

273 2500 386 2536 ταῦτα
412 2498 508 2548 ἔλεγε
534 2494 595 2537 οἷα
625 2498 845 2549 νεωτέρων
872 2497 1003 2549 ἔργων
1029 2498 1309 2550 ἐπιθυμητὴς
1335 2499 1414 2544 ἐών,
1448 2501 1537 2538 haec
1567 2511 1624 2537 re-
