1848 2929
814 207 838 244 9

158 322 326 371 διαφέρει
354 322 395 359 τὸ
422 324 502 367 σόν,
534 323 574 366 ὃς
600 323 768 370 ἐμπεσὼν
799 323 852 366 εἷς
877 323 941 372 τὴν
968 322 1155 361 θάλατταν
1183 321 1285 370 ἥδιον
1314 321 1499 367 ἐκομίζετο

156 383 229 418 τῶν
253 380 317 419 ἐπὶ
342 383 499 430 πλοίου.)

252 460 294 496 Β.
322 461 424 497 Nunc
449 472 640 507 pergamus
667 463 714 498 ad
739 462 814 498 alia
841 472 950 507 opera
967 460 1128 506 Libanii,
1156 460 1194 496 in
1221 460 1350 504 quibus
1377 470 1500 504 quam-

157 529 265 562 quam
290 530 360 555 non
381 523 495 556 totum
521 524 769 565 argumentum
788 522 972 556 Herodoto
999 521 1158 564 debetur,
1186 523 1307 554 tamen
1332 529 1391 554 res
1417 519 1499 562 ipsa

158 577 240 623 fert,
268 581 308 614 ut
333 578 498 624 singulae
525 580 724 616 sententiae
751 590 795 616 ex
820 580 1004 616 Herodoto
1031 579 1295 623 depromantur.

259 638 288 671 1.
336 638 379 672 In
421 638 629 681 protheoria
671 638 971 673 declamationum
1021 636 1144 682 λόγος
1187 634 1499 684 πρεσβευτικὸς

156 691 267 741 πρὸς
292 692 393 736 τοὺς
424 697 571 743 Τρῶας
596 693 703 743 ὑπὲρ
721 693 928 743 Ἑλένηςῑ)
956 698 992 731 et
1016 692 1333 742 πρεσβευτικός
1358 692 1498 730 Ὀδυσ-

157 750 262 792 σέως
295 752 403 800 πρὸς
433 752 534 803 τους
570 755 718 802 Τρῶας
750 752 862 802 ὑπὲρ
896 755 970 801 τῆς
994 752 1196 800 Ἑλένηςῖ)
1230 753 1497 797 inscriptarum,

155 820 246 854 quae
282 810 377 846 inter
410 822 488 847 sese
524 811 707 848 artissime
741 812 945 856 cohaerent,
981 811 1159 847 Libanius
1195 812 1273 856 ipse
1306 810 1499 855 profitetur

154 868 258 915 (decl.
286 870 358 915 III,
393 871 510 914 proth.
538 871 558 915 ξ
586 869 641 916 3);
692 868 810 905 ἰστέον
847 869 886 906 δὲ
920 868 977 906 ότι
1010 882 1102 905 κατα
1137 868 1201 917 τῆν
1234 868 1399 917 ἱστορίαν
1432 867 1499 912 οὐχ

152 924 293 976 Ὁμήρῳ
327 927 453 974 μόνον,
487 925 579 964 ἀλλὰ
609 928 669 964 καὶ
692 927 877 976 Ηροδότω
912 927 1204 976 προσχρώμεθα,
1237 927 1282 964 τὰ
1314 928 1379 973 μὲν
1412 925 1500 975 παρ’

154 984 304 1029 ἐκείνου,
333 985 379 1022 τά
405 986 445 1024 δὲ
470 985 572 1035 παρὰ
601 985 733 1023 τούτου
758 1000 851 1035 προς
883 985 925 1022 τὸ
952 986 1136 1035 συμφέρον
1162 985 1414 1033 λαμβάνοντες.
1465 985 1499 1021 εἰ

156 1044 196 1082 δὲ
226 1045 417 1093 φαίνοιντο
444 1044 480 1081 οἱ
497 1044 665 1093 Ἕλληνες
695 1043 902 1092 ἀποβάντες
935 1044 988 1086 εἰς
1012 1044 1076 1092 τὴν
1101 1044 1221 1093 χώραν
1251 1047 1322 1080 τῶν
1354 1043 1497 1092 Τρώων,

155 1099 233 1140 εἶτα
259 1103 554 1152 πρεσβευόμενοι,
585 1103 685 1152 παρὰ
710 1103 910 1152 “Ηροδότου
939 1105 1046 1140 τοῦτο
1079 1103 1269 1151 γεγένηται.
1320 1103 1498 1139 Libanius

154 1163 194 1198 in
223 1163 346 1207 priore
372 1163 634 1199 declamatione
659 1163 877 1208 Menelaum,
912 1163 951 1198 in
982 1163 1098 1199 altera
1123 1162 1267 1199 Ulixem
1298 1173 1321 1198 a
1347 1162 1498 1199 Graecis

155 1221 284 1257 missos
318 1222 362 1257 de
393 1221 534 1257 Helena
568 1223 613 1257 ab
645 1221 854 1257 Alexandro
887 1224 995 1266 rapta
1029 1222 1210 1257 reddenda
1243 1222 1290 1256 ad
1322 1220 1499 1256 Troianos

156 1280 339 1316 orationes
378 1279 552 1316 habentes
587 1280 743 1325 inducit,
783 1280 821 1315 id
859 1281 953 1324 quod
992 1279 1166 1324 scriptum
1204 1279 1366 1316 videmus
1405 1279 1500 1323 apud

155 1339 392 1382 Herodotum,
429 1339 490 1382 qui
524 1342 651 1374 narrat
683 1338 703 1373 I
729 1339 774 1374 3:
830 1337 971 1384 λέγουσι
1016 1359 1062 1363 -
1087 1359 1132 1363 —-
1172 1336 1406 1384 Ἀλέξανδρον
1438 1335 1500 1373 τὸν

155 1396 328 1446 Πριάμου
355 1395 530 1445 ἀκηκοότα
555 1398 669 1433 ταῦτα
694 1395 870 1445 ἐθελῆσαί
902 1395 938 1432 οἱ
964 1395 1002 1432 ἐκ
1026 1398 1090 1444 τῆς
1115 1395 1282 1436 Ἑλλάδος
1308 1394 1357 1432 δι’
1384 1394 1500 1443 ἁρπα-

155 1458 219 1504 γῆς
244 1456 414 1502 γενέσθαι
441 1459 604 1502 γυναῖκα,
639 1454 882 1501 ἐπιστάμενον
908 1455 1053 1496 πάντως
1079 1453 1136 1492 ὅτι
1171 1454 1216 1491 ου’
1242 1454 1350 1493 δώσει
1379 1456 1498 1496 δίκας·

156 1513 241 1552 οὐδὲ
274 1513 338 1564 γὰρ
366 1514 523 1555 ἐκείνους
550 1514 704 1552 διδόναι.
756 1513 851 1551 οὕτω
886 1513 931 1563 δὴ
956 1513 1189 1563 ἁρπάσαντος
1222 1512 1336 1550 αὐτοῦ
1360 1513 1500 1562 Ἑλένην

154 1578 250 1611 τοῖσι
277 1573 423 1622 Ἕλλησι
458 1574 561 1619 δόξαι
598 1576 744 1622 πρῶτον
777 1573 999 1622 πέμψαντας
1036 1573 1206 1621 ἀγγέλους
1239 1571 1429 1609 ἀπαιτέειν
1462 1587 1499 1609 τε

153 1633 290 1680 Ἑλένην
314 1635 375 1670 καὶ
401 1634 503 1673 δίκας
528 1634 592 1680 τῆς
618 1632 784 1681 ἁρπαγῆς
810 1632 963 1675 αἰτέειν,·
997 1637 1033 1668 et
1050 1633 1187 1677 pergit:
1215 1630 1300 1671 τοὺς
1326 1631 1366 1668 δὲ
1393 1634 1499 1679 προϊ-

155 1691 336 1738 σχομένων
368 1693 482 1728 ταῦτα
520 1691 720 1741 προφέρειν
753 1705 820 1741 σφι
855 1692 1025 1739 Μηδείης
1060 1689 1122 1738 τὴν
1155 1688 1330 1739 ἁρπαγήν,
1370 1688 1420 1731 ιᾶς
1454 1688 1498 1726 οὐ

156 1750 277 1790 δόντες
310 1749 416 1787 αὐτοὶ
455 1752 558 1791 δίκας
592 1749 676 1786 οὐδὲ
710 1750 871 1790 ἐκδόντες
912 1749 1159 1786 ἀπαιτεόντων
1197 1748 1392 1795 βουλοίατό
1432 1762 1499 1796 σφι

155 1808 241 1858 παρ’
266 1807 382 1846 ἄλλων
408 1808 510 1850 δίκας
535 1809 713 1855 γίνεσθαι,
748 1810 795 1846 ad
818 1820 909 1854 quae
941 1809 1064 1845 rhetor
1088 1808 1240 1853 respicit
1273 1808 1311 1844 in
1338 1807 1426 1845 decl.
1446 1808 1498 1845 IV

155 1870 175 1914 ξ
201 1869 247 1904 20
273 1869 418 1905 Ulixem
446 1870 584 1905 faciens
611 1869 853 1913 disputantem
879 1869 984 1904 haec:
1019 1866 1123 1912 ὑμεῖς
1149 1889 1195 1893 —-
1223 1867 1266 1903 ἐκ
1290 1867 1367 1913 μὲν
1396 1872 1498 1904 Φοι-

155 1928 274 1974 νίκης
308 1925 532 1975 Ευριόπην,
572 1940 615 1962 εκ
653 1927 698 1963 δε
731 1926 908 1970 Κολχιιν
948 1925 1166 1974 ηρπάσατε
1202 1925 1422 1973 Μήδειαν·
1462 1927 1498 1962 τί

153 1985 274 2022 τοίνυν
306 1984 502 2030 ἀσχάλλετε
534 1987 648 2021 ταῦτα
680 1984 920 2030 υπομένοντες
953 1986 1002 2021 ὡν
1034 1983 1101 2020 ὑπ]
1099 1984 1235 2033 ’ρξατε-
1274 1988 1315 2021 ut
1352 1985 1498 2022 Ulixem

155 2045 270 2081 faciat
301 2045 521 2080 refutantem
560 2055 618 2089 ea,
658 2054 749 2087 quae
788 2045 884 2088 apud
922 2044 1144 2079 Herodotum
1178 2044 1331 2080 Troiani
1363 2044 1499 2089 legatis

155 2104 375 2139 Graecorum
409 2102 580 2138 obiciunt.
632 2102 790 2138 Etiamsi
821 2103 888 2137 hoc
921 2102 1000 2138 loco
1035 2102 1214 2139 Libanius
1246 2103 1357 2139 aliter
1391 2107 1499 2147 atque

153 2163 250 2207 apud
296 2162 517 2198 Herodotum
566 2161 716 2197 Troiani
765 2171 837 2197 non
879 2161 1042 2197 Medeam
1086 2161 1217 2207 solam,
1277 2163 1341 2198 sed
1389 2162 1500 2198 etiam

153 2222 338 2266 Europam
376 2232 398 2257 a
433 2221 583 2257 Graecis
617 2223 759 2264 raptam
798 2220 921 2265 affert,
961 2223 1083 2256 tamen
1121 2222 1189 2258 hoc
1229 2225 1265 2258 et
1303 2222 1421 2267 ipsum
1455 2233 1500 2258 ex

155 2280 340 2316 Herodoto
367 2280 614 2324 depromptum
646 2282 715 2323 est,
750 2278 812 2322 qui
838 2279 882 2314 de
908 2278 1058 2323 Europa
1092 2284 1220 2316 narrat
1252 2281 1271 2316 Ι
1298 2281 1338 2315 2:
1380 2279 1499 2327 Ἑλλή-

155 2352 224 2374 νων
249 2337 352 2380 τινάς
378 2359 422 2364 -
457 2338 547 2387 φασὶ
572 2339 645 2386 τῆς
674 2336 880 2385 Φοινίκης
913 2336 955 2377 ἐς
987 2337 1125 2386 Τύρον
1150 2338 1400 2387 προσσχόντας
1426 2337 1499 2386 ἀρ-

154 2396 293 2434 πάσαι
324 2398 389 2433 τοῦ
413 2396 581 2445 βασιλέος
606 2395 670 2444 τῆν
700 2395 887 2449 θυγατέρα
916 2395 1143 2446 Εὐρώπην,
1179 2397 1393 2443 praesertim
1420 2408 1499 2433 cum

259 2505 279 2543 ¹)
301 2504 382 2535 Decl.
405 2504 453 2534 111
474 2504 506 2535 F.
627 2503 648 2540 ²)
671 2503 752 2532 Decl.
774 2503 817 2532 IV
839 2503 872 2534 F.
