1848 2929
955 218 1002 253 82

296 335 430 380 petivit
473 347 518 371 ex
563 335 616 371 eis
661 346 753 379 quae
799 336 1006 372 Herodotus
1041 336 1114 373 VII
1141 336 1211 372 209
1256 337 1492 372 Demaratum
1533 336 1651 372 Xerxi

297 394 475 430 dicentem
502 394 612 430 facit:
641 393 675 429 εἰ
699 393 851 434 τούτους
877 407 915 440 γε
941 395 1001 431 καὶ
1027 393 1069 430 τό
1095 393 1278 440 ὑπομένον
1304 394 1342 430 ἐν
1365 393 1517 443 Σπάρτῃ
1542 407 1651 430 κατα-

298 453 489 501 στρέψεαι,
529 451 606 489 ἔστι
634 451 742 490 οὐδὲν
767 451 855 490 ἄλλο
892 452 1024 494 ε”θνος
1050 451 1275 501 ἀνθρώπων,
1314 452 1355 490 τὸ
1390 453 1446 496 σε’,
1485 455 1650 500 βασιλεῦ,

295 510 476 556 ὑπομενεῖ
506 514 656 559 χεῖρας
682 509 1040 560 ἀνταειρόμενον;
1076 523 1158 548 nam
1191 515 1343 555 utroque
1373 512 1452 548 loco
1483 513 1650 548 substan-

296 570 411 606 tivum
429 569 556 611 ’ἔθνος
590 570 792 606 sententiae
825 574 880 606 est
911 571 1122 607 subiectum.
1176 571 1282 615 Apud
1307 570 1530 606 Herodotum
1561 571 1650 606 haec

295 629 431 664 locutio
470 639 579 674 saepe
616 628 811 672 invenitur,
847 630 948 665 velut
974 630 1031 665 III
1061 630 1147 665 144:
1188 628 1270 665 οὔτε
1304 629 1362 669 τίς
1396 641 1463 677 σφι
1501 631 1651 678 χεῖρας

296 687 576 736 ἀνταείρεται
608 692 645 723 et
669 689 722 725 VI
748 689 813 723 44:
849 688 1011 729 Θασίους
1037 687 1124 726 οὐδὲ
1150 691 1298 736 χεῖρας
1324 686 1650 737 ἀνταραμένους

294 746 590 795 κατεστρέψαντο
633 750 669 783 et
704 747 776 784 VII
807 748 886 783 101.
916 749 995 783 143.
1022 747 1141 794 212¹).
1201 747 1380 783 Similiter
1417 747 1508 783 dicit
1545 748 1650 783 Hali-

295 816 511 841 carnasseus
549 806 641 841 VIII
668 806 738 840 140
753 818 791 840 a:
832 804 1023 850 πόλεμον
1060 806 1206 851 βασιλεῖ
1246 803 1575 853 ἀνταειρόμενοι
1614 810 1651 841 et

294 864 368 901 VII
396 865 484 900 132:
530 862 566 899 οἱ
601 866 653 911 τῷ
688 862 861 912 βαρβάρῳ
899 863 1087 910 πόλεμον
1122 862 1352 912 ἀράμενοι;
1392 863 1439 900 cf.
1467 864 1540 901 VII
1567 865 1647 901 156.

295 923 474 958 Libanius
501 923 539 958 in
557 923 627 958 vol.
647 923 698 957 IV
718 923 800 966 864,
819 924 865 958 16
880 923 913 958 R
938 923 1155 958 locutionem
1182 923 1303 958 activo
1326 933 1458 967 genere
1485 923 1648 958 adhibet:

297 979 341 1016 οὐ
368 979 434 1029 γὰρ
469 979 513 1029 δή
545 983 696 1029 χεῖρας
727 980 853 1026 ἔμελλε
885 980 903 1016 ό
930 981 1008 1023 νέος
1034 1002 1079 1006 -—
1107 979 1344 1029 ἀνταίρειν.
1396 981 1498 1027 Quod
1525 982 1667 1017 eadem'

294 1041 431 1076 locutio
475 1040 756 1084 deprehenditur
806 1040 915 1075 etiam
966 1041 1061 1084 apud
1108 1040 1399 1085 Thucydidem
1445 1040 1503 1074 III
1529 1041 1587 1084 32,
1608 1041 1648 1075 2:

296 1097 379 1134 οὔτε
404 1101 553 1146 χεῖρας
584 1096 934 1145 ἀνταιρομένους
960 1096 1044 1133 οὔτε
1070 1098 1286 1142 πολεμίους,
1318 1097 1377 1132 hic
1403 1101 1439 1133 et
1465 1097 1543 1142 ipse
1570 1108 1648 1133 eam

295 1158 479 1193 Herodoto
506 1157 652 1193 videtur
678 1157 808 1192 debere
819 1156 857 1203 ²).

394 1213 604 1263 *ἀφιέναι
638 1214 702 1255 εἰς
727 1214 773 1252 τὸ
799 1215 988 1262 πέλαγος
1015 1215 1107 1262 (scil.
1135 1216 1237 1257 ναῦν)
1265 1215 1318 1262 (in
1344 1216 1455 1251 altum
1476 1215 1646 1261 provehi).

295 1276 353 1311 Ad
379 1286 422 1310 ea
448 1285 540 1318 quae
566 1274 721 1320 legimus
748 1276 843 1319 apud
869 1276 955 1310 Her.
980 1275 1052 1312 VII
1080 1276 1165 1310 193:
1201 1273 1371 1312 ἐνθεῦτεν
1396 1296 1442 1300 -
1470 1273 1648 1320 ἔμελλον

294 1331 558 1380 ὑδρευσάμενοι
592 1331 634 1374 ἐς
670 1332 710 1369 τό
746 1332 933 1378 πέλαγος
967 1331 1168 1381 ἀφήσειν,
1203 1334 1282 1368 sine
1314 1334 1421 1369 dubio
1457 1334 1648 1377 referenda

295 1395 379 1428 sunt
418 1391 569 1427 Libanii
608 1393 720 1427 verba
765 1392 802 1427 in
838 1403 891 1436 ep.
923 1392 1035 1428 1140:
1088 1390 1122 1427 εἰ
1158 1391 1225 1437 μὲν
1268 1390 1332 1432 εἰς
1374 1391 1420 1428 τὸ
1464 1391 1649 1438 πέλαγος

294 1449 477 1500 ἀφήσειν
503 1449 680 1496 ἔμελλεν
706 1449 960 1499 Ἀλέξανδρος;
988 1462 1071 1487 nam
1089 1451 1161 1487 loci
1186 1451 1366 1487 simillimi
1392 1455 1486 1487 sunt.
1523 1451 1647 1488 Etiam

295 1510 571 1555 Thucydides
610 1511 760 1545 eandem
799 1511 1017 1546 locutionem
1054 1511 1275 1546 Herodotum
1315 1515 1458 1546 secutus
1498 1511 1647 1546 adhibet

294 1569 366 1606 VII
394 1569 451 1613 19,
470 1569 510 1603 4:
550 1566 625 1605 ἀπὸ
658 1569 725 1604 τοῦ
760 1567 941 1616 Ταινάρου
973 1569 1038 1617 τῆς
1070 1570 1283 1617 Λακωνικῆς
1315 1567 1357 1609 ἐς
1389 1567 1434 1605 τὸ
1461 1568 1649 1615 πέλαγος

294 1626 471 1676 ἀφῆκαν.
522 1628 594 1663 Per
631 1628 826 1672 imaginem
860 1628 1039 1664 Libanius
1075 1639 1117 1664 ea
1155 1628 1270 1664 utitur
1303 1629 1342 1663 in
1381 1640 1431 1664 or.
1459 1628 1555 1664 XIII
1582 1629 1646 1664 26:

294 1685 374 1722 ἀλλ’
400 1686 517 1722 ἐκεῖνα
543 1686 608 1731 μέν
633 1700 697 1731 μοι
724 1686 917 1735 χορηγήσει
941 1685 1035 1735 πρὸς
1060 1689 1172 1735 μῆκος
1198 1686 1305 1733 λόγου
1330 1686 1460 1735 μικρὸν
1485 1685 1647 1736 ὕστερον,

296 1744 448 1783 ἐπειδάν
481 1744 545 1787 εἰς
575 1744 621 1782 τό
654 1747 738 1781 πᾶν
769 1744 948 1794 ἀφεῖναι
982 1745 1168 1793 πέλαγος
1200 1745 1218 1781 ὁ
1244 1744 1334 1788 θεὸς
1360 1745 1540 1795 ἐπιτρέπῃ
1573 1747 1646 1783 κτλ.

394 1803 605 1851 *ἀφιέναι
642 1804 863 1852 φέρεσθαι
901 1804 1025 1841 κάτω.
1083 1806 1183 1850 Quae
1209 1805 1387 1841 Libanius
1422 1807 1572 1849 praebet
1609 1806 1648 1841 in

296 1874 346 1898 or.
376 1862 503 1899 XXIV
536 1863 597 1898 15:
637 1860 830 1909 ἀνάγοντες
856 1861 1015 1903 αὐτούς
1042 1861 1077 1898 οἱ
1103 1861 1346 1911 προσήκοντες
1372 1862 1435 1900 ἐπὶ
1461 1861 1503 1899 τό
1528 1866 1648 1907 τεῖχος

293 1920 481 1969 ἀφίεσαν
520 1919 678 1967 γυμνούς
712 1920 932 1969 φέρεσθαι
971 1920 1057 1963 τούς
1094 1920 1351 1970 ταλαιπώρους
1388 1920 1513 1964 κάτω,
1556 1923 1647 1958 haec

294 1981 415 2016 refero
448 1981 494 2015 ad
521 1980 699 2016 Herodoti
727 1982 838 2016 verba
864 1981 921 2016 III
951 1982 1011 2016 75:
1047 1979 1183 2028 ἀπῆκε
1215 1979 1375 2017 ἑωυτόν
1400 1979 1463 2018 ἐπὶ
1489 1979 1647 2029 κεφαλήν

293 2039 514 2088 φέρεσθαι
552 2037 627 2075 ἀπὸ
666 2041 731 2076 τοῦ
769 2038 909 2087 πύργου
943 2039 1066 2076 κάτω.
1129 2040 1274 2076 Similia
1312 2040 1515 2077 invenimus
1550 2041 1646 2085 apud

294 2099 618 2135 Halicarnasseum
658 2100 674 2134 I
704 2100 791 2134 194:
836 2098 876 2134 τὸ
916 2101 1045 2135 πλοῖον
1087 2100 1194 2134 τοῦτο
1237 2097 1409 2135 ἀπιεῖσι
1452 2098 1542 2135 κατὰ
1584 2097 1646 2135 τὸν

292 2155 459 2203 ποταμόν
486 2157 704 2206 φέρεσθαι
733 2162 769 2194 et
795 2158 832 2193 II
859 2159 925 2194 96:
953 2155 1018 2205 τῆν
1044 2157 1109 2203 μὲν
1141 2157 1261 2206 θύρην
1289 2179 1333 2184 -
1361 2156 1554 2207 ἐζιιπροσῦε
1579 2159 1646 2194 τοῦ

291 2217 425 2253 πλοίου
451 2215 575 2253 ἀπίει
603 2216 913 2264 ἐπιφέρεσθαι.

393 2325 413 2363 ¹)
436 2325 544 2361 Itaque
566 2325 708 2353 Foerster
728 2325 759 2353 in
782 2324 854 2353 decl.
870 2324 918 2352 III
933 2324 968 2353 21
992 2327 1073 2353 recte
1095 2325 1217 2361 scripsit
1237 2327 1342 2363 χεῖρας
1362 2322 1569 2363 ἀνταράμενος
1589 2333 1642 2362 pro

291 2378 388 2413 χεῖρα,
411 2374 490 2411 quod
513 2374 571 2403 duo
593 2373 709 2403 codices
730 2374 884 2410 praebent.

391 2424 413 2460 2)
435 2424 492 2452 Sed
514 2432 591 2458 quae
618 2423 721 2451 rhetor
748 2423 823 2451 dicit
844 2423 901 2452 vol.
924 2423 968 2450 IV
982 2423 1049 2458 405,
1067 2423 1096 2451 1:
1129 2421 1206 2452 ὅπλα
1227 2421 1450 2460 ἄνταιρόμεθα,
1479 2423 1581 2451 eadem
1603 2423 1643 2451 le-

294 2475 408 2508 guntur
439 2472 518 2509 apud
551 2471 803 2508 Thucydidem
835 2471 849 2500 I
871 2472 966 2508 53,2:
1000 2469 1076 2501 ὅπλα
1108 2469 1319 2511 ἁνιαιρόμενοι
1353 2475 1385 2501 et
1415 2471 1494 2509 apud
1526 2471 1643 2501 Xeno-

293 2520 466 2557 phontem
488 2524 553 2559 Uyr.
571 2522 596 2550 V
612 2523 639 2558 4,
655 2522 707 2550 25:
736 2519 813 2551 ὅπλα
836 2519 1013 2560 ιἰνιαίρηιιιί
1030 2531 1088 2557 σοι,
1117 2530 1174 2550 non
1197 2522 1276 2558 apud
1298 2521 1493 2551 Herodotum.
