1848 2929
717 698 873 755 Vita.

220 906 494 950 Maximilianus
532 914 708 950 Ernestus
747 914 987 951 Guilelmus
1021 914 1147 950 Wern
1156 924 1200 949 er
1240 916 1347 949 natus
1389 924 1467 949 sum

124 972 303 1009 Kalendis
319 972 464 1009 Martiis
482 973 569 1008 anni
588 973 680 1009 1887
698 972 1077 1017 Frankensteinii,
1097 972 1135 1008 in
1152 972 1284 1018 oppido
1302 971 1467 1016 Silesiae,

125 1033 230 1075 patre
247 1030 478 1075 Guilelmo,
504 1031 784 1075 ludimagistro,
811 1034 926 1066 matre
943 1032 1076 1066 Berta
1102 1042 1121 1066 e
1138 1034 1245 1075 gente
1259 1031 1465 1067 Winkler.

221 1088 356 1125 Primis
386 1081 590 1125 litterarum
622 1088 808 1125 elementis
842 1089 977 1134 partim
1010 1099 1033 1124 a
1063 1092 1167 1133 patre
1188 1088 1276 1134 'ipso
1310 1088 1468 1124 imbutus

125 1159 191 1193 per
229 1158 294 1184 sex
327 1158 440 1184 annos
477 1148 842 1194 progymnasium,
881 1149 976 1192 quod
1008 1151 1083 1184 tum
1117 1151 1211 1193 erat,
1245 1148 1469 1184 Franken-

126 1206 346 1243 steinense
397 1206 629 1251 frequentavi
685 1210 721 1242 et
769 1217 835 1251 per
883 1210 959 1242 tres
1009 1206 1277 1251 gymnasium
1326 1205 1468 1251 regium

126 1266 393 1311 Strehlense‚
444 1266 507 1302 ubi
549 1277 634 1303 vere
685 1266 773 1302 anni
816 1266 911 1302 1906
961 1265 1206 1302 testimonium
1247 1265 1470 1302 maturitatis

125 1325 278 1369 adeptus
310 1335 398 1360 sum.
451 1325 541 1360 Tum
574 1324 819 1369 Marpurgii
852 1335 918 1369 per
950 1335 1059 1360 unum
1092 1327 1264 1360 semestre
1297 1327 1334 1360 et
1362 1324 1469 1361 Vra-

125 1383 335 1419 tislaviae
360 1394 427 1428 per
451 1386 531 1419 octo
558 1393 671 1427 usque
696 1383 743 1419 ad
759 1383 854 1419 hunc
871 1383 966 1419 diem
991 1383 1213 1428 philologiae
1239 1386 1276 1418 et
1292 1382 1469 1419 historiae

125 1441 323 1477 studebam.
374 1441 583 1477 Docuerunt
607 1452 664 1477 me
688 1441 762 1477 viri
788 1441 1007 1477 doctissimi:

221 1499 492 1546 Baumyartner,
516 1500 610 1544 Birt,
632 1499 823 1543 Oichorius,
844 1499 966 1543 Gohen,
989 1499 1160 1543 Foerster,
1179 1499 1417 1536 Freudonthal
1433 1499 1468 1545 †,

128 1557 266 1602 Gereke,
293 1556 497 1605 Hoffmann,
525 1559 711 1604 Kampers,
738 1559 854 1603 Niese,
881 1558 1038 1602 Skutsch,
1074 1559 1280 1595 Wendland.
1448 1594 1464 1611 ο

224 1617 283 1653 Ad
324 1618 512 1668 seminarii
563 1618 843 1654 exercitationes
886 1629 941 1654 me
992 1618 1217 1654 admiserunt
1257 1617 1470 1663 philologici

126 1675 297 1721 Foerster,
337 1677 494 1721 Skutsch,
537 1677 741 1721 Wendland,
787 1677 1055 1723 archaeologici
1088 1677 1260 1721 Foerster,
1303 1675 1469 1713 historici

129 1735 321 1772 eichardus.

223 1794 293 1830 His
327 1795 490 1830 omnibus
521 1794 679 1830 debitam
712 1795 915 1838 iustamque
946 1794 1104 1839 gratiam
1135 1795 1261 1839 habeo,
1295 1804 1467 1830 summam

127 1862 212 1888 vero
237 1852 455 1888 Richardo
481 1853 705 1897 Foerster,
736 1853 800 1897 qui
824 1863 881 1889 me
905 1853 945 1888 in
967 1853 1036 1889 hac
1062 1853 1360 1889 commentatione
1385 1862 1468 1887 con-

126 1910 317 1947 scribenda
342 1911 499 1956 benigno
525 1910 679 1948 consilio
705 1914 742 1947 et
766 1921 877 1956 opera
902 1921 1043 1956 semper
1068 1910 1220 1948 adiuvit.
