1848 2929
894 188 944 224 40

241 305 301 341 καὶ
332 302 524 353 κηρυκήιον
556 303 671 353 ἐφάνη
705 304 766 341 ἐπὶ
798 306 863 353 τῆς
893 306 1106 353 κυματωγῆς
1135 304 1315 350 κείμενον·
1353 303 1373 353 ἦ
1405 303 1445 342 δὲ
1476 302 1594 353 φήμη

243 364 376 411 διῆλθέ
403 377 471 411 σφι
499 358 581 405 ὧδε,
609 363 659 405 οἷς
685 363 721 399 οἱ
738 363 908 412 τΈλληνες
932 362 998 412 τήν
1025 364 1245 411 Μαρδονίου
1270 362 1443 412 στρατιὴν
1469 364 1596 410 νικῷεν

242 421 279 458 ἐν
301 425 496 459 Βοιωτοῖσι
523 421 721 468 μαχόμενοι
749 426 784 459 et
807 423 915 468 paulo
939 426 1040 468 post:
1068 420 1187 472 φήμη
1212 425 1310 460 τοῖσι
1325 419 1473 471 Ἕλλησι
1498 425 1596 459 τοῖσι

242 480 355 529 ταύτῃ
383 480 589 524 ἐσαπίκετο,
617 480 710 518 ὥστε
736 481 925 530 θαρσῆσαί
950 496 990 518 τε
1015 480 1080 530 τήν
1107 480 1282 530 στρατιήν
1307 482 1433 529 πολλῷ
1457 482 1595 527 μᾶλλον

242 540 302 576 καὶ
328 539 472 576 ἐθέλειν
490 539 773 588 προθυμότερον
790 539 1020 578 κινδυνεύειν.
1059 540 1255 576 Libanium
1281 541 1320 576 in
1346 541 1413 576 illa
1438 540 1596 585 epistula

244 610 287 635 ex
329 599 397 635 hoc
435 600 614 636 Herodoti
655 600 734 636 loeo
768 601 925 645 pendere
968 611 1008 636 eo
1047 599 1166 645 magis
1208 603 1376 645 apparet,
1428 600 1522 644 quod
1561 603 1597 635 et

243 658 512 694 substantivum
538 657 659 706 φήμη,
694 660 788 702 quod
815 660 911 703 apud
936 659 1159 694 Herodotum
1186 658 1250 693 illo
1278 658 1356 694 loco
1383 661 1439 693 ter
1465 661 1595 702 exstat,

244 719 280 751 et
317 716 586 753 substantivum
623 716 872 765 στρατόπεδον
905 727 1018 761 aeque
1055 720 1163 761 atque
1197 717 1402 753 Herodotus
1437 716 1594 753 adhibet.

244 776 294 812 Et
319 787 411 820 quae
438 777 559 813 dicere
584 777 707 822 pergit
733 777 898 822 sophista
924 777 962 813 in
987 777 1055 813 illa
1082 776 1259 822 epistula:
1295 775 1329 813 εἰ
1354 774 1386 813 δ’
1404 771 1468 812 οὖν
1493 774 1596 812 οὔπω

247 832 323 882 ἥκει
350 834 404 876 εἰς
429 834 526 881 ὑμᾶς
551 834 671 881 λόγος,
704 834 782 872 ἀλλ’
807 836 966 872 ἴστωσαν
997 834 1032 871 οἱ
1050 833 1229 882 Ἕλληνες,
1261 832 1318 871 ὅτι
1345 833 1471 876 αὐτοῖς
1497 834 1598 882 δίκην

244 892 411 931 διδόασιν
436 892 472 930 οἱ
497 892 672 941 ἀπόγονοι
691 893 852 942 Δαρείου
876 894 937 931 καὶ
956 893 1096 943 Ξέρξου
1121 894 1213 942 πυρὶ
1238 891 1305 936 τοὶς
1321 893 1442 930 αὐτῶν
1469 892 1597 934 πόλεις

244 951 499 997 ἀπολλυμένας
525 952 680 1001 ὁρῶντες
706 952 742 988 οἱ
759 953 966 1001 προπέρυσι
987 952 1053 994 τὰς
1080 952 1256 1001 ἡμετέρας
1273 952 1597 994 κατασκάπτοντες,

244 1012 334 1047 haec
369 1015 404 1047 et
439 1012 522 1057 ipsa
553 1013 729 1048 debentur
755 1013 955 1057 Herodoto,
992 1012 1054 1057 qui
1080 1012 1214 1048 multas
1242 1012 1463 1049 Graecorum
1489 1012 1597 1047 urbes

245 1083 267 1107 a
293 1071 408 1107 Darei
434 1075 471 1107 et
503 1072 639 1107 Xerxis
675 1072 854 1108 militibus
892 1072 1030 1108 deletas
1067 1083 1145 1107 esse
1179 1072 1294 1107 tradit
1328 1072 1429 1107 velut
1463 1071 1516 1107 VI
1533 1071 1596 1106 96:

245 1127 282 1165 οἱ
313 1129 458 1178 Πέρσαι
485 1151 531 1155 -
567 1129 772 1178 ἐνέπρησαν
805 1130 865 1168 καὶ
898 1128 943 1165 τοὶ
977 1128 1040 1179 ἱροὶ
1073 1129 1134 1166 καὶ
1167 1127 1231 1178 τῆν
1265 1127 1373 1166 πόλιν
1407 1129 1498 1176 (scil.
1525 1129 1597 1165 τῶν

248 1189 408 1236 Ναξίων)
444 1193 480 1226 et
504 1190 556 1227 VI
586 1190 673 1226 101:
715 1189 929 1230 ἐσελθόντες
960 1190 1053 1237 (scil.
1082 1188 1118 1225 οἱ
1144 1189 1304 1237 Πέρσαι)
1339 1188 1376 1229 ἐς
1401 1187 1465 1236 τὴν
1490 1186 1598 1224 πόλιν

246 1248 339 1293 (scil.
366 1247 573 1295 Ἐρέτριαν)
611 1249 719 1284 τοῦτο
757 1248 823 1292 μὲν
863 1248 908 1283 τὰ
948 1246 1011 1295 ἱροὶ
1055 1246 1272 1296 συλήσαντες
1316 1246 1520 1294 ἐνέπρησαν
1561 1250 1597 1282 et

245 1306 338 1343 VIII
364 1307 422 1342 32.
443 1307 500 1343 33.
520 1307 578 1343 50.
599 1307 655 1343 53.
709 1307 933 1343 Athenarum
960 1318 1080 1343 arcem
1112 1318 1134 1342 a
1158 1306 1282 1343 Persis
1308 1306 1475 1342 incendio
1502 1305 1598 1341 dele-

246 1369 321 1401 tam
348 1365 482 1410 repetit
507 1366 687 1401 Libanius
714 1366 751 1400 in
778 1366 866 1401 decl.
894 1366 989 1401 XIII
1016 1367 1036 1411 ξ
1058 1366 1119 1400 14;
1148 1363 1264 1405 οὕτως
1291 1363 1537 1412 ἠγανάκτησαν
1562 1363 1598 1400 οἱ

247 1424 398 1472 χρηστοὶ
433 1424 526 1471 (scil.
554 1422 761 1471 Ἀθηναῖοι)
795 1423 845 1465 ὠς
871 1422 947 1461 οὐδ’
974 1423 1033 1460 ὅτε
1069 1422 1089 1472 ἦ
1120 1422 1230 1464 πόλις
1263 1422 1389 1465 αὐτοῖς
1419 1422 1496 1460 ὑπὸ
1527 1423 1598 1458 τῶν

247 1481 446 1532 βαρβάρων
473 1482 697 1532 ἐνεπρήσθη,
725 1494 794 1528 quo
812 1484 895 1520 loco·
919 1484 1042 1520 rhetor
1068 1484 1163 1520 idem
1183 1485 1332 1521 verbum
1359 1482 1599 1531 ἕμπίμπρημι

246 1544 341 1587 quod
358 1544 566 1579 Herodotus
593 1543 751 1578 adhibet.
781 1564 826 1567 —
853 1543 924 1579 Sed
949 1544 1038 1578 haec
1064 1544 1238 1578 hactenus
1265 1543 1308 1578 de
1335 1542 1526 1578 sententiis
1552 1543 1599 1577 ad

246 1602 379 1638 Persas
407 1605 443 1638 et
468 1602 516 1637 ad
541 1602 736 1638 Persarum
764 1612 869 1646 reges
895 1601 1171 1646 pertinentibus.

344 1663 378 1696 b.
407 1661 532 1696 Etiam
558 1671 649 1704 quae
680 1662 723 1696 de
750 1661 882 1696 Croeso
909 1661 1094 1706 Lydorum
1126 1671 1211 1705 rege
1243 1662 1289 1696 ab
1316 1661 1501 1696 Herodoto
1527 1670 1600 1695 me-

247 1719 384 1754 moriae
418 1719 564 1764 prodita
590 1722 683 1764 sunt,
719 1729 742 1754 a
767 1719 925 1755 Libanio
957 1729 1132 1764 persaepe
1159 1719 1390 1764 attinguntur
1423 1722 1459 1753 et
1483 1717 1599 1763 respi-

247 1778 402 1814 ciuntur.
437 1778 548 1815 Velut
565 1779 660 1822 quod
686 1778 724 1813 in
743 1789 793 1813 or.
809 1778 905 1813 XIII
925 1779 970 1813 79
996 1778 1165 1823 legimus:
1194 1776 1230 1812 οἱ
1253 1776 1457 1818 συνειδότες
1474 1776 1600 1818 αὐτοῖς

247 1851 282 1871 τι
316 1835 424 1872 καλὸν
459 1835 509 1875 ιός
544 1835 678 1871 ἐκεῖνον
710 1834 836 1883 ᾔεσαν,
872 1834 995 1883 ὥσπερ
1027 1835 1141 1872 πάλαι
1179 1835 1269 1871 ποτὲ
1300 1834 1354 1876 εἰς
1379 1835 1528 1872 Λυδίαν
1564 1834 1600 1870 οἱ

247 1895 423 1943 σοφισταὶ
451 1892 553 1942 παρὰ
584 1893 646 1930 τόν
672 1897 848 1942 Κροῖσον,
883 1895 950 1930 hoe
982 1905 1027 1930 ex
1053 1895 1237 1930 Herodoto
1265 1894 1502 1939 deprompsit,
1537 1894 1600 1938 qui

247 1955 338 1990 dicit
374 1955 393 1989 I
420 1955 483 1990 29:
532 1952 768 1990 ἀπικνέονται
801 1953 839 1995 ἐς
872 1952 1009 2001 Σάρδις
1043 1951 1276 1998 ἀκμαζούσας
1309 1952 1454 2000 πλούτῳ
1495 1951 1599 1988 ἄλλοι

246 2028 285 2050 τε
320 2011 355 2050 οἱ
388 2011 523 2054 πάντες
557 2012 595 2048 ἐκ
625 2014 690 2060 τῆς
715 2011 882 2054 Ἑλλάδος
917 2013 1092 2060 σοφισταὶ
1127 2034 1173 2038 -
1207 2014 1268 2050 καὶ
1303 2011 1347 2060 δὴ
1380 2014 1441 2050 καὶ
1476 2011 1599 2049 Σόλων

246 2070 336 2119 ἀνὴρ
363 2070 571 2118 Ἀθηναῖος.
623 2071 673 2106 Et
703 2071 826 2115 pergit
855 2071 1034 2106 Libanius
1067 2071 1204 2106 dicere:
1242 2068 1334 2106 α’λλὰ
1361 2070 1500 2107 Σόλωνι
1533 2069 1599 2116 μὲν

248 2133 408 2179 Κροῖσος
438 2127 525 2170 τούς
557 2127 770 2177 θησαυροὺς
800 2130 871 2165 τῶν
902 2127 1093 2177 χρημάτων
1119 2127 1313 2172 ἐδείκνυεν,
1347 2128 1398 2170 ὠς
1422 2127 1466 2166 ἂν
1492 2127 1599 2166 οὐδὲν

245 2190 354 2225 τοῦδε
387 2188 602 2240 κεκτημένος
636 2187 853 2235 τιμιώτερον
889 2191 925 2223 et
961 2188 1166 2224 Herodotus
1201 2191 1330 2224 narrat
1362 2188 1401 2223 in
1434 2188 1599 2231 sequenti

247 2248 367 2294 capite
388 2248 412 2284 Ἰ
439 2248 505 2286 30;
540 2245 775 2290 κελεύσαντος
801 2247 965 2294 Κροίσου
989 2245 1051 2284 τᾶν
1068 2245 1217 2284 Σόλωνα
1242 2245 1470 2296 θεράποντες
1496 2261 1599 2294 περι-

247 2309 331 2355 ῆγον
355 2306 445 2343 κατὰ
471 2305 556 2346 τοὺς
572 2301 796 2353 ’θησαυρούς
821 2305 881 2340 καὶ
908 2304 1161 2342 ἐπεδείκνυσαν
1183 2305 1303 2341 πάντα
1329 2304 1434 2340 ἐόντα
1461 2304 1598 2351 μεγάλα

247 2379 286 2401 τε
319 2367 378 2402 καὶ
414 2363 531 2412 ὄλβια.
567 2386 613 2390 -
649 2365 707 2400 Ad
741 2375 784 2399 ea
818 2374 908 2407 quae
939 2364 1022 2400 Solo
1058 2366 1101 2400 de
1136 2364 1361 2401 felicissimis
1395 2363 1599 2400 hominibus

248 2425 379 2461 Croeso
406 2425 503 2469 apud
528 2425 615 2460 Her.
636 2425 653 2460 I
672 2424 720 2459 30
739 2426 775 2459 et
793 2423 837 2458 31
865 2427 1002 2468 narrat,
1030 2424 1231 2468 respiciunt
1248 2423 1399 2459 Libanii
1417 2424 1530 2459 verba
1560 2424 1598 2459 in

250 2493 299 2518 01⁸.
324 2483 343 2517 Ι
361 2483 424 2518 73:
460 2483 517 2523 τίς
550 2482 693 2524 Τέλλος,
725 2481 823 2521 τίνες
848 2479 999 2530 Ἀργεῖοι
1030 2481 1203 2519 νεανίσκοι
1234 2479 1297 2519 διοὶ
1328 2483 1398 2518 τῶν
1424 2483 1508 2531 περὶ
1535 2481 1598 2531 τὴν
