1848 2929
833 216 880 252 27

188 330 405 379 συγκαλέσας
431 331 644 380 Ἀθηναίων
674 331 760 373 τοὺς
790 332 965 381 φυγάδας,
997 332 1120 380 ἑωυτῷ
1152 333 1188 370 δὲ
1217 331 1426 378 ἑπομένους,
1459 331 1531 369 ἐκέ-

187 392 267 427 λευε
285 389 408 439 τρόπῳ
434 393 485 438 τῷ
504 391 665 440 σφετέρῳ
685 393 801 428 θῦσαι
819 390 864 427 τὰ
882 390 944 440 ἱρὰ
969 391 1216 439 ἀναβάντας
1242 391 1283 433 ἐς
1308 390 1382 440 τὴν
1407 390 1531 439 οἷκρό-

187 450 329 492 πολιν,
373 461 441 494 quo
481 462 525 487 ex
562 451 641 487 1000
675 451 852 487 Libanius
887 452 1091 497 suspicatus
1130 455 1185 487 est
1218 452 1375 487 Xerxem
1412 462 1531 487 arcem

187 509 412 544 Athenarum
447 510 662 545 ascendisse.
719 510 775 545 Ab
811 511 994 545 Herodoto
1030 510 1163 554 petivit
1198 511 1322 546 rhetor
1358 514 1393 546 et
1429 510 1529 554 illud,

187 568 280 611 quod
314 567 386 604 iam
420 568 591 605 Reiskius
625 568 813 605 adnotavit
847 569 867 615 ξ
894 569 958 605 84:
1004 568 1209 618 πυλαγόρας
1241 567 1436 617 Αἰσχίνης,
1470 568 1531 605 καὶ

190 626 376 668 Φίλιππος
405 625 629 675 α’μφικτύων.
679 627 784 674 βέλος
816 628 855 664 δὲ
882 626 1002 669 οὐδέν,
1028 627 1235 665 ”Λπολλον,
1269 627 1313 673 ἐξ
1344 627 1531 676 οὐρανοῦ

188 684 412 730 μιμούμενον
438 684 513 726 τὰς
538 686 613 720 τοῦ
639 688 900 734 Παρνασσοῦ
925 686 1135 734 κορυφάς,
1162 689 1206 721 αἲ
1226 689 1304 726 τοῖς
1330 685 1531 734 βαρβάροις

187 742 331 781 ἄνωθεν
356 742 604 782 καταθέουσαι
630 742 874 792 προσέπεσον,
906 745 966 781 καὶ
992 743 1033 780 το
1059 743 1144 793 ὄρος
1171 743 1251 782 ἀντὶ
1280 743 1530 793 στρατοπέδου

186 801 280 850 πρὸς
302 800 387 843 τούς
410 801 581 843 ἐπιόντας
606 801 768 850 ἤρκεσεν;
796 813 878 837 nam
896 804 1102 838 Herodotus
1120 804 1233 838 tradit
1249 804 1341 840 VIII
1359 805 1421 838 37:
1450 803 1528 839 ἐπεὶ

180 859 252 910 γὰρ
284 859 327 909 δὴ
360 856 450 909 ἦσαν
481 859 644 903 ἐπιόντες
675 859 710 896 οἱ
740 859 918 909 βάρβαροι
949 859 1038 897 κατὰ
1070 859 1109 897 τὸ
1141 859 1220 910 ἱρόν
1251 864 1314 910 τῆς
1345 861 1531 910 Προνηίης

187 919 411 966 ’Λθῃναίης,
444 919 482 955 ἐν
512 918 628 965 τούτῳ
664 919 706 955 ἐκ
736 920 812 964 μὲν
842 922 917 955 τοῦ
948 919 1134 967 οὐρανοῦ
1167 923 1333 966 κεραυνοὶ
1367 920 1531 956 αὐτοῖσιν

189 976 394 1016 ἐνέπιπτον,
421 975 503 1013 ἀπὸ
523 978 565 1014 δὲ
584 979 659 1013 τοῦ
678 979 940 1025 Παρνησσοῦ
963 976 1224 1026 ἀπορραγεῖσαι
1243 976 1318 1014 δύο
1343 980 1527 1026 κορυφαὶ

188 1035 361 1084 ἐφέροντο
387 1037 511 1083 πολλῷ
528 1034 676 1083 πατάγῳ
704 1035 741 1078 ἐς
767 1034 901 1078 αὐτοὺς
926 1038 985 1073 καὶ
1004 1035 1201 1083 κατέλαβον
1228 1035 1381 1081 συχνούς
1399 1050 1530 1084 σφεων,

187 1106 254 1138 quo
281 1096 359 1131 loco
378 1095 554 1130 Libanius
581 1095 704 1131 dicens
730 1095 835 1141 βέλος
862 1117 907 1120 -
935 1095 979 1139 ἐξ
1005 1093 1194 1142 οὐρανοῦ
1220 1094 1442 1140 μιμούμενον
1468 1094 1533 1136 τὰς

186 1156 261 1190 τοῦ
288 1155 551 1203 Παρνασσοῦ
576 1152 769 1202 κορυφάς
795 1154 832 1190 111
858 1165 965 1190 unum
984 1154 1149 1190 confudit
1175 1154 1343 1199 prodigia
1369 1154 1434 1190 illa
1452 1155 1531 1199 duo,

189 1224 280 1256 quae
313 1214 518 1249 Herodotus
552 1214 589 1248 in
629 1214 691 1249 illo
726 1214 845 1257 capite
882 1214 1066 1249 narravit:
1107 1213 1145 1248 ἐκ
1167 1213 1248 1257 ’μὲν
1279 1216 1344 1248 τοῦ
1377 1212 1533 1260 οὐρανοῦ

189 1271 355 1319 κεραυνοί
390 1274 426 1306 et
459 1269 532 1306 ἀπὸ
565 1271 604 1307 δὲ
630 1272 695 1306 τοῦ
720 1273 944 1319 Παρνησσοῦ
974 1269 1236 1319 ἀπορραγεῖσαι
1267 1270 1332 1306 dio
1363 1271 1532 1319 κορυφαί.

190 1331 289 1374 Quae
324 1330 478 1374 legimus
513 1331 532 1374 ἓ
560 1331 621 1365 4οῑ
667 1331 770 1371 ναῦς
802 1328 892 1376 ᾤετο
932 1332 1008 1366 δεῖν
1041 1328 1338 1377 ποιησάμενος
1377 1332 1534 1377 Κροῖσος

190 1386 434 1423 ἐπιθέσθαι
472 1390 569 1428 ταῖς
609 1387 770 1434 νήσοις,
809 1386 901 1423 ἀλλὰ
937 1388 1106 1428 Βίαντος-
1131 1386 1174 1423 ου’
1213 1387 1399 1435 συμφέρον
1432 1385 1534 1423 διδά-

189 1448 317 1492 ξαντος
347 1444 484 1493 ἀπέστη
520 1447 586 1482 τοῦ
616 1446 736 1488 πλεῖν,
775 1446 865 1482 11300
891 1447 1103 1491 deprompta
1129 1450 1213 1482 sunt
1246 1457 1291 1482 ex
1317 1446 1402 1482 Her.
1431 1445 1449 1480 I
1476 1446 1532 1490 27,

189 1516 257 1549 quo
291 1505 369 1540 loco
404 1505 578 1540 traditur:
623 1505 672 1546 οἱς
708 1504 747 1542 δὲ
784 1503 856 1553 ἄρα
893 1504 928 1540 οἱ
965 1504 1002 1540 ἐν
1027 1507 1071 1552 τῇ
1102 1504 1213 1552 Ἀσίῃ
1232 1496 1400 1552 ἓἘλλῃές
1433 1517 1534 1539 κατε-

189 1563 377 1613 στράφατο
404 1585 466 1606 —-,
500 1561 540 1600 τὸ
568 1563 737 1601 ἐνθεῦτεν
763 1562 906 1601 ἐπενόεε
940 1564 1031 1611 (scil.
1061 1563 1080 1600 ό
1107 1566 1281 1613 Κροῖσος)
1314 1562 1410 1605 νέας
1436 1576 1532 1598 ποι-

189 1622 400 1670 ησάμενος
439 1622 700 1669 ἐπιχειρέειν
742 1627 858 1659 τοῖσι
899 1622 1150 1670 νησιώτῃσι,
1194 1625 1257 1659 sed
1296 1634 1373 1658 cum
1413 1623 1533 1658 omnia

187 1681 260 1716 iam
293 1684 512 1725 praeparata
544 1685 677 1725 essent,
714 1679 886 1717 Croesum'
915 1681 1067 1717 classem
1103 1681 1279 1716 fabricari
1312 1681 1370 1716 vel
1400 1680 1532 1715 Biante

187 1740 244 1775 vel
263 1740 407 1775 Pittaco
435 1743 582 1775 auctore
601 1740 763 1785 desiisse,
792 1740 853 1783 qui
881 1751 958 1775 eum
986 1742 1031 1775 ab
1059 1739 1236 1775 insulanis
1262 1750 1383 1785 pugna
1408 1738 1532 1788 navali

189 1798 298 1833 facile
336 1797 434 1833 vinci
472 1808 576 1841 posse
616 1798 829 1833 docuissent.
883 1799 932 1832 Et
967 1809 1058 1841 quae
1095 1798 1201 1841 paulo
1239 1801 1320 1841 post
1354 1797 1531 1832 Libanius

187 1859 440 1892 commemorat
482 1856 501 1900 ξ
536 1856 600 1891 40:
663 1854 765 1903 ἡμεῖς
807 1868 896 1891 ποτε·
938 1857 995 1892 καὶ
1043 1858 1199 1903 Θηβαῖοι
1242 1853 1532 1903 παρεταξάμεθα

187 1913 280 1962 πρὸς
310 1913 429 1961 μάχην
455 1915 512 1950 καὶ
548 1913 790 1958 μελλόντων
824 1913 1027 1961 χρήσεσθαι
1059 1917 1136 1954 τοῖς
1167 1913 1318 1961 δόρασιν
1344 1913 1531 1961 ἐφάνησαν

188 1972 424 2021 Κορίνθιοι
456 1973 713 2010 διαλλακταὶ
747 1974 806 2010 καὶ
841 1971 1058 2021 α’πὴλθομεν
1092 1971 1163 2020 πρὸ
1197 1974 1268 2008 τῶν
1302 1971 1530 2020 τραυμάτων,

187 2033 276 2067 11300
308 2035 343 2066 et
373 2032 453 2075 ipsa
485 2042 528 2066 ex
555 2032 737 2067 Herodoto
770 2032 930 2067 delibata
962 2035 1061 2074 sunt;
1107 2034 1233 2066 narrat
1260 2031 1354 2066 enim
1384 2031 1433 2067 VI
1462 2032 1530 2066 108

187 2090 377 2126 Thebanos
416 2090 547 2125 bellum
588 2090 754 2126 intulisse
792 2090 1084 2134 Plataeensibus,
1124 2089 1252 2133 quibus
1290 2089 1530 2125 Athenienses

188 2149 325 2184 auxilio
361 2149 560 2193 venissent,
596 2153 632 2184 et
664 2149 786 2193 pergit
816 2149 953 2184 dicere:
990 2147 1231 2194 μελλόντων
1264 2148 1303 2184 δὲ
1335 2146 1531 2183 συνάπτειν

186 2205 306 2253 μάχην
331 2206 572 2255 Κορίνθιοι
605 2206 648 2243 οὕ
682 2209 881 2254 περιεῖδον.
917 2205 1186 2255 παρατυχόντες
1220 2205 1258 2243 δὲ
1291 2207 1351 2242 καὶ
1378 2207 1530 2242 καταλ-

187 2265 365 2311 λάξαντε.
374 2279 392 2307 ς
419 2264 696 2314 ἐπιτρεψάντων
728 2265 944 2314 ἀμφοτέρων
971 2264 1122 2314 οὔρισαν
1148 2264 1211 2313 τὴν
1236 2263 1365 2312 χώρην,
1401 2265 1530 2308 quibus

186 2325 277 2360 locis
303 2328 452 2368 uterque
485 2325 638 2360 formam
671 2323 873 2369 μελλόντων
907 2325 1063 2359 adhibet.
1116 2324 1187 2370 (Ex
1218 2324 1284 2358 hoc
1310 2323 1388 2358 loco
1415 2324 1532 2359 Hero-

187 2383 263 2417 doti
290 2383 560 2427 intelleguntur,
588 2394 679 2426 quae
706 2383 883 2418 Libanius
912 2383 947 2417 in
975 2382 1130 2426 epistula
1159 2382 1251 2417 1084
1278 2381 1424 2416 scribit:
1460 2384 1532 2416 τῶν

187 2439 401 2488 Κορινθίων
428 2439 471 2476 οῦ
497 2439 690 2487 γεγόναμεν
716 2440 769 2482 εἰς
794 2440 835 2476 τὸ
862 2438 1053 2485 διαλλάξαι
1080 2439 1251 2486 χείρους.)

284 2499 388 2535 Nunc
423 2491 573 2544 agamus
607 2501 649 2536 de
686 2500 739 2536 eis
773 2500 978 2544 sententiis,
1017 2509 1106 2543 quae
1142 2499 1177 2533 in
1211 2498 1473 2535 declamatione
1513 2498 1532 2534 ὁ
