1848 2929
922 219 967 254 16

264 334 442 372 λύπτεται
477 334 517 372 δὲ
547 336 607 372 καὶ
643 333 663 383 ἡ
689 336 733 382 γῆ
766 334 866 381 πεζῷ
897 335 1023 382 πολλῷ
1056 335 1117 371 καὶ
1144 335 1249 372 ναυσὶ
1283 334 1470 373 θάλασσα·
1507 348 1618 372 ποτα-

264 393 357 439 μοὺς
391 393 431 429 δὲ
458 392 602 440 ἤλεγξεν
634 393 655 442 ἦ
681 393 853 441 στρατεία
885 395 1042 431 πιοῦσα·
1077 395 1147 430 τῶν
1178 394 1336 438 τοξοτῶν
1369 395 1409 432 δὲ
1439 393 1620 443 ἀφιέντων

264 452 364 500 βέλη,
390 451 432 489 τό
457 452 532 489 ὑπὸ
557 452 702 493 τούτοις
728 452 824 489 σκιά.
869 455 933 501 γῆν
960 452 1000 490 δὲ
1026 456 1128 489 ποιεῖ
1151 456 1230 493 τοῖς
1256 452 1426 493 ὁπλίταις
1452 455 1511 490 καὶ
1537 456 1619 493 ταῖς

263 509 429 559 τριήρεσι
456 510 643 548 θάλατταν
669 511 728 547 καὶ
755 513 855 548 δοκεῖ
878 514 956 553 τοῖς
987 510 1100 559 ὁρῶσι
1125 512 1226 549 θεῶν
1251 510 1270 549 ὁ
1296 511 1467 558 μέγιστος
1493 511 1530 548 ἐν
1555 510 1618 548 οἷν-

265 568 425 618 θρώπου
449 568 555 617 τύπῳ
582 568 701 606 πάντα
723 572 851 606 κινεῖν·
878 571 950 606 τῶν
976 570 1015 607 δὲ
1031 568 1204 618 Ἑλλήνων
1230 568 1265 606 οἱ
1289 569 1356 615 μὲν
1380 568 1485 619 φόβῳ
1512 583 1619 607 συνα-

263 630 518 671 κολουθοῦσιν,
553 627 589 665 οἱ
615 628 655 666 δὲ
682 627 873 676 ἡσυχάζειν
899 628 1105 674 ἐγνώκεσαν.
1148 630 1271 666 Verba
1297 629 1510 677 διήλλαττον
1532 627 1618 669 τούς

255 686 430 737 Ἓλληνας
474 686 568 736 πρὸς
610 686 743 728 αὑτούς
755 688 782 734 1)
821 688 990 724 conferas
1034 698 1113 724 cum
1144 688 1192 724 iis
1235 688 1365 732 quibus
1399 688 1617 724 Plutarchus

263 748 387 783 Them.
407 748 430 782 6
456 747 590 783 utitur:
627 747 798 793 μέγιστον
824 746 865 782 δὲ
892 746 1037 783 πάντων
1062 745 1103 783 τό
1129 748 1328 784 καταλῦσαι
1353 745 1439 788 τούς
1463 746 1618 795 Ἑλληνι-

263 805 558 852 κούςπολέμους
588 806 648 843 καὶ
675 805 866 852 διαλλάξαι
898 804 962 848 τοὶς
989 805 1116 849 πόλεις
1146 804 1337 855 ἅλλῆλαις;
1379 806 1475 852 apud
1500 805 1617 843 Hero-

263 867 385 902 dotum
412 870 532 902 autem
560 877 681 902 omnes
710 866 858 910 Graeci,
894 866 956 909 qui
982 866 1106 902 Persis
1132 867 1303 902 resistere
1333 866 1516 911 volebant,
1551 877 1617 902 sua

263 929 391 970 sponte
422 926 521 962 bella
554 925 650 961 inter
681 936 760 961 sese
792 928 916 961 coorta
948 926 1186 962 decreverunt
1219 936 1440 970 componere.
1492 925 1616 961 Etiam

262 984 354 1019 illud
388 982 452 1031 τὴν
484 983 626 1030 γνώμην
661 982 828 1031 εὕρισκον
861 985 927 1019 τοῦ
962 984 1116 1021 Πυθίου
1147 984 1344 1020 Plutarcho
1379 984 1497 1029 magis
1532 995 1616 1020 con-

262 1042 365 1080 venit
382 1053 489 1087 quam
507 1043 703 1087 Herodoto,
732 1042 769 1078 id
788 1042 882 1086 quod
908 1042 981 1078 iam
1004 1053 1115 1087 supra
1134 1042 1182 1090 (p.
1205 1043 1265 1089 11)
1291 1042 1616 1080 demonstravimus

263 1103 306 1137 de
325 1102 589 1138 declamatione
610 1102 771 1148 Νεοκλῆς
797 1101 986 1145 inscripta.
1022 1102 1219 1145 Sequentia
1237 1104 1366 1138 verba:
1394 1100 1613 1138 καλύπτεται

263 1159 304 1195 δὲ
337 1162 396 1197 καὶ
433 1159 454 1207 ἦ
488 1161 532 1207 γῆ
565 1160 665 1205 πεζῷ
698 1161 823 1205 πολλῷ
860 1160 919 1195 καὶ
952 1160 1056 1196 ναυσὶ
1093 1158 1260 1197 θάλαττα
1299 1161 1458 1196 Diodoro
1493 1160 1615 1196 Siculo

263 1218 453 1255 simillima
479 1222 578 1264 sunt,
611 1218 673 1263 qui
700 1218 986 1263 magnitudinem
1012 1218 1205 1254 Persarum
1237 1218 1422 1263 copiarum
1449 1218 1615 1254 indicans

264 1278 355 1314 dicit
388 1279 443 1314 XI
469 1279 503 1323 5,
523 1279 563 1313 3:
609 1279 700 1326 φασὶ
735 1276 801 1325 γὰρ
827 1275 914 1317 τούς
946 1275 1095 1317 ἀενάους
1129 1276 1320 1323 ποταμούς
1358 1276 1420 1314 διὰ
1452 1276 1517 1325 τὴν
1550 1278 1616 1313 τοῦ

265 1335 436 1386 πλήθους
475 1336 660 1381 συνέχειαν
698 1334 896 1379 ἐπιλιπεῖν,
939 1334 983 1372 τά
1022 1335 1062 1372 δὲ
1100 1335 1263 1384 πελάγη
1302 1339 1379 1378 τοῖς
1418 1338 1489 1372 τῶν
1526 1337 1615 1372 νειῦν

264 1395 397 1437 ἱστίοις
435 1397 840 1444 κατακαλυφθῆναι,
886 1407 964 1431 cum
1000 1396 1207 1432 Herodotus
1245 1396 1414 1440 loquatur
1451 1396 1524 1433 VII
1549 1396 1613 1432 45:

264 1453 341 1503 ὥρα
374 1455 472 1501 (scil.
500 1453 520 1491 ὁ
547 1454 708 1503 Ξέρξης)
742 1454 860 1490 πάντα
893 1453 959 1499 μὲν
991 1452 1064 1490 τὸν
1094 1453 1404 1502 Ἑλλήσποντον
1436 1453 1508 1490 ὑπὸ
1542 1456 1614 1489 τῶν

264 1516 352 1551 νεῶν
386 1512 783 1562 οἷποκεκρυμμένον.
842 1514 976 1550 Verum
1010 1516 1130 1549 tamen
1165 1524 1256 1558 quae
1290 1514 1386 1558 apud
1419 1513 1614 1549 Libanium

263 1577 471 1618 sequuntur,
499 1574 546 1609 ad
568 1574 792 1608 Herodotum
819 1573 942 1608 eodem
969 1573 1047 1607 iure
1073 1572 1267 1608 referenda
1292 1576 1386 1617 sunt,
1414 1583 1482 1616 quo
1501 1574 1615 1608 verba

261 1632 409 1669 Neoclis
421 1632 459 1679 ²),
495 1631 625 1676 quibus
652 1641 801 1676 prorsus
834 1631 1063 1675 respondent.
1116 1631 1218 1676 Quod
1252 1631 1306 1666 ita
1340 1642 1378 1666 se
1409 1631 1542 1666 habere
1576 1634 1615 1666 ut

263 1692 558 1736 demonstremus,
585 1692 698 1727 verba
725 1690 980 1726 Themistoclis
1006 1701 1085 1726 cum
1112 1690 1259 1726 Neoclis
1286 1691 1532 1726 conferamus:

437 1760 732 1806 Θεμιστοκλῆς
1195 1760 1389 1806 Νεοκλῆς

440 1818 529 1854 decl.
557 1818 593 1854 X
619 1819 639 1863 ξ
668 1819 729 1853 27:
1137 1818 1225 1854 decl.
1253 1817 1310 1853 IX
1336 1818 1356 1864 ξ
1382 1818 1445 1853 39:

311 1876 502 1923 ποταμοὺς
529 1877 568 1914 δὲ
594 1876 735 1925 ἤλεγξεν
762 1875 908 1925 ἦστρα-
1018 1874 1079 1913 τὸν
1118 1875 1354 1913 ἀναλώσαντα
1395 1876 1614 1922 πινομένους

262 1937 343 1973 τειά
370 1937 508 1972 πιοῦσα
970 1935 1158 1980 ποταμούς

310 1996 382 2030 τῶν
432 1996 589 2039 τοξοτῶν
635 1994 675 2030 δὲ
725 1993 908 2042 ἀφιέντων
1017 1993 1080 2030 τόν
1110 1993 1156 2030 τὰ
1187 1996 1258 2029 τῶν
1283 1995 1402 2042 νεφῶν
1428 1992 1521 2042 πρὸς
1551 1992 1613 2029 τόν

261 2052 350 2101 βέλη
376 2051 417 2089 τό
443 2051 518 2089 ὑπὸ
545 2050 689 2094 τούτοις
716 2051 798 2089 σκιά
972 2051 1070 2100 ἥλιον
1096 2051 1332 2101 ἐργαζόμενον
1357 2055 1435 2093 τοῖς
1460 2052 1580 2099 βέλεσι

310 2113 373 2159 γῆν
410 2111 450 2148 δὲ
484 2114 587 2147 ποιεῖ
621 2114 699 2150 τοῖς
735 2110 908 2150 ὁπλίταις
1017 2110 1079 2147 τὸν
1120 2110 1195 2147 ὑπὸ
1235 2112 1298 2159 γῆν
1336 2110 1403 2155 μὲν
1445 2110 1613 2155 δείξαντα

259 2170 319 2206 καὶ
345 2172 427 2210 ταῖς
453 2167 616 2218 τριήρεσι
644 2167 831 2207 θάλατταν
968 2169 1173 2212 θάλασσαν,
1192 2168 1355 2218 τριήρεις
1373 2168 1413 2207 δὲ
1432 2168 1613 2210 πλεούσας

969 2227 1018 2264 δι’
1043 2227 1140 2276 ὀρῶν
1164 2227 1284 2273 μέσων

308 2286 369 2322 καὶ
409 2289 508 2324 δοκεῖ
541 2289 620 2328 τοῖς
659 2285 772 2334 ὁριῦσι
808 2287 908 2322 θεῶν
1016 2285 1079 2321 τὸν
1096 2286 1319 2332 νομισθέντα
1341 2285 1431 2324 θεὸν
1447 2287 1500 2333 τῷ
1521 2285 1611 2334 πλή-

260 2345 279 2381 ὁ
305 2345 473 2391 μέγιστος
506 2345 543 2381 ἐν
569 2343 775 2393 ἀνθρώπου
801 2344 906 2391 τύπῳ
969 2351 1029 2383 θει
1058 2347 1122 2393 τῆς
1148 2345 1344 2391 δυνάμεως,
1374 2343 1413 2393 ἣν
1440 2341 1512 2393 ἦγε.

259 2403 378 2440 πάντα
403 2407 525 2441 κινεῖν.

359 2503 380 2539 ¹)
402 2502 485 2531 Cous.
508 2503 600 2531 etiam
621 2502 692 2532 Her.
708 2502 768 2531 VII
791 2502 847 2530 145
869 2505 900 2529 et
921 2500 1047 2530 Aristid.
1064 2501 1192 2532 Panath.
1214 2504 1236 2530 t.
1258 2502 1274 2530 I
1294 2510 1322 2538 p.
1338 2501 1397 2530 248
1418 2501 1462 2532 ed.
1478 2501 1570 2530 Dind.

359 2551 381 2588 ²)
403 2550 481 2581 Vide
501 2559 570 2589 pag.
588 2551 624 2581 14
636 2559 678 2587 sq.
