1848 2929
892 229 940 265 62

237 348 369 386 XVIII
395 348 466 384 205
492 349 581 390 (τῶν
606 345 744 396 ᾐόνων
769 346 956 392 ὠκεανοῦ).
1008 347 1094 394 (Sed
1120 347 1230 383 etiam
1262 347 1300 382 in
1328 345 1593 395 Λημοσθένους

238 405 422 455 οἷπολογίᾳ
447 410 579 453 exstat,
612 417 705 451 quae
732 406 890 443 fortasse
916 418 988 444 non
1013 406 1221 443 Libaniana
1248 410 1313 452 est,
1345 406 1415 443 vol.
1439 406 1491 444 IV
1509 406 1592 451 300,

242 468 286 502 14
304 467 338 502 R
355 466 407 512 (=
424 466 478 503 VI
495 466 579 510 402,
593 466 639 501 10
652 465 715 512 F):
743 464 897 512 ναυάγια
914 466 986 502 τῶν
1003 462 1289 514 παραπλεόντων
1315 463 1369 506 εἰς
1385 463 1451 506 τάς
1473 463 1593 512 ἠιόνας

238 522 516 573 ἐκβεβρασμένα,
556 534 625 568 quo
660 524 739 560 1000
766 534 891 561 vocem
925 535 970 560 ex
1000 525 1186 561 Herodoto
1219 523 1367 560 fluxisse
1400 527 1594 569 propterea

238 587 336 629 puto,
372 585 467 628 quod
500 585 650 620 verbum
689 582 958 631 ἐκβράσσεσθαι
972 583 997 629 ¹)
1033 587 1069 619 et
1103 584 1220 628 ipsum
1259 594 1306 619 ex
1340 593 1381 619 eo
1415 582 1593 627 originem

239 642 340 677 ducit
365 645 401 677 et
427 641 524 686 apud
549 641 744 677 Libanium
772 641 838 676 hoc
864 641 943 677 loco
976 651 1089 685 aeque
1115 644 1224 684 atque
1250 641 1347 685 apud
1371 641 1593 676 Herodotum

238 699 331 738 VIII
349 701 396 736 96
423 698 582 748 ζέφυρος
599 698 708 748 ἔφερε
726 720 774 725 -
791 698 855 736 ἐπὶ
872 697 936 748 τὴν
962 697 1088 748 ἠιόνα
1105 701 1179 736 κτλ.
1202 700 1245 735 de
1263 699 1410 736 navium
1427 698 1594 743 reliquiis

238 758 437 804 narratur.)
481 758 648 794 Ceterum
675 761 796 794 exstat
822 758 860 793 in
886 758 988 793 Xen.
1016 758 1111 794 Hell.
1132 759 1150 793 Ι
1177 759 1207 802 1,
1227 758 1260 794 5.
1302 758 1393 793 Arr.
1413 757 1466 794 VI
1486 758 1543 802 26,
1558 758 1592 792 5.

240 817 381 863 Apoll.
400 817 532 853 Rhod.
551 817 591 853 Π
609 817 690 853 659.
727 816 849 853 1)1011.
865 817 958 853 Hal.
986 820 1060 853 ant.
1079 817 1181 853 Rom.
1206 817 1258 854 IV
1277 817 1334 852 27.
1369 815 1521 852 Polem.
1541 826 1592 851 or.

239 877 258 912 I
284 875 356 923 8²),
383 877 448 912 sed
474 876 584 912 etiam
610 877 707 921 apud
732 877 975 921 Homerum,
1002 876 1251 920 Pindarum,
1280 875 1543 920 Euripidem.

338 933 582 982 κηλώνειον.
634 935 829 979 Libanius,
867 934 929 978 qui
963 935 1030 970 hoc
1067 934 1335 970 substantivum
1371 933 1521 969 adhibet
1557 933 1594 968 in

240 993 311 1030 vol.
339 993 393 1031 IV
411 994 493 1038 620,
515 994 571 1038 26,
608 1004 652 1029 ex
679 994 812 1029 Herod.
835 994 884 1030 VI
913 994 982 1029 119
1009 996 1192 1029 mutuatus
1219 1003 1298 1029 esse
1323 992 1413 1028 mihi
1439 992 1594 1036 videtur,

241 1062 309 1097 quo
337 1052 417 1089 loco
444 1053 488 1088 de
514 1052 789 1088 Eretriensibus
816 1063 838 1088 a
859 1052 980 1089 Dareo
1006 1062 1119 1098 prope
1145 1053 1271 1088 urbem
1289 1051 1382 1089 Susa
1407 1050 1596 1088 collocatis

240 1112 375 1156 agitur,
403 1112 450 1147 ad
476 1122 565 1155 quos
582 1111 778 1147 Libanium
805 1112 891 1148 aliis
917 1111 1008 1148 locis
1034 1123 1073 1147 se
1098 1112 1238 1147 referre
1266 1112 1338 1147 iam
1364 1122 1475 1156 supra
1501 1110 1595 1147 vidi-

240 1181 319 1205 mus
331 1169 368 1216 3).
414 1170 484 1206 Sed
511 1170 622 1206 etiam
649 1173 770 1206 exstat
796 1171 893 1215 apud
918 1171 1006 1206 Her.
1026 1170 1045 1205 I
1064 1171 1145 1206 193.
1182 1170 1289 1215 Apud
1315 1173 1454 1206 ceteros
1481 1169 1596 1213 scrip-

240 1234 339 1264 tores
365 1229 458 1264 hanc
476 1239 612 1273 vocem,
641 1239 733 1272 quae
751 1229 846 1264 idem
870 1229 1057 1274 significat
1075 1239 1118 1264 ac
1135 1229 1267 1274 tolleno,
1296 1240 1367 1264 non
1393 1228 1596 1265 invenimus

243 1287 318 1322 nisi
343 1287 382 1322 in
408 1287 629 1332 Aristoph.
657 1286 729 1332 frg.
758 1288 828 1322 611
847 1288 886 1323 Μ
912 1288 984 1323 679
1011 1287 1156 1334 (Kock).

344 1343 603 1388 *κλισιάδες
633 1348 693 1388 (=
721 1345 761 1382 αἱ
787 1345 960 1391 δίπτυχοι
986 1344 1115 1394 1θύραι,
1148 1350 1188 1382 ut
1214 1346 1375 1391 explicat
1400 1346 1598 1383 scholiasta

244 1405 382 1441 codicis
400 1404 670 1452 Barberini).
705 1405 749 1441 In
772 1416 822 1441 or.
838 1405 920 1441 Lib.
936 1405 1045 1442 XVII
1064 1406 1086 1441 2
1112 1405 1282 1450 legimus:
1309 1407 1371 1441 νῦν
1388 1403 1593 1452 ἀνέῳκται

242 1462 333 1501 κατά
358 1465 431 1500 τῶν
456 1463 629 1500 ἐπιεικῶν
654 1466 733 1506 τοῖς
759 1462 891 1501 α’νόσια
917 1465 1054 1512 δρῶσιν
1087 1462 1187 1506 ὁδός
1220 1462 1370 1512 εὐρεῖα
1403 1464 1474 1500 καὶ
1507 1465 1597 1500 κλι-

246 1522 394 1564 σιάδες
419 1521 621 1568 μεγάλαι,
656 1526 726 1559 καὶ
753 1522 1019 1566 τετείχισται
1045 1521 1172 1558 οῦδὲν
1197 1521 1278 1565 ἔτι,
1311 1533 1402 1566 quae
1429 1523 1597 1558 conferas

243 1592 323 1618 cum
358 1582 444 1617 Her.
473 1581 530 1617 IX
556 1582 597 1617 9:
637 1579 849 1629 Ἀθηναίων
885 1581 970 1630 ἡμῖν
1003 1580 1135 1618 ἐόντων
1167 1580 1219 1630 μὴ
1252 1580 1439 1630 ἀρθμίων,
1473 1582 1525 1628 τῷ
1558 1580 1598 1617 δὲ

243 1639 416 1689 βαρβάρῳ
445 1639 661 1685 συμμάχων,
695 1640 851 1689 καίπερ
883 1640 1052 1684 τείχεος
1088 1639 1161 1677 διὰ
1195 1642 1271 1676 τοῦ
1300 1639 1478 1685 Ἰσθμοῦ
1504 1639 1598 1687 ε’λη-

245 1697 432 1745 λαμένου
470 1701 657 1747 καρτεροῦ,
700 1697 885 1746 μεγάλαι
928 1698 1153 1740 κλισιάδες
1195 1697 1523 1736 ἀναπεπτέαται
1561 1698 1599 1739 ἐς

244 1756 308 1806 τὴν
335 1756 614 1806 Πελοπόννησον
640 1760 691 1804 τῷ
718 1757 863 1807 Πέρσῃ;
899 1758 1056 1795 vidimus
1088 1759 1203 1805 igitur
1234 1769 1407 1796 summam
1438 1758 1597 1795 locorum

246 1817 533 1852 similitudinem.

345 1873 522 1923 κρυμός,
557 1876 651 1920 quod
684 1876 952 1913 substantivum
978 1876 1156 1913 Herodoti
1188 1877 1374 1922 proprium
1405 1887 1484 1913 esse
1509 1876 1599 1913 mihi

246 1935 394 1972 videtur
426 1935 513 1981 (non
545 1938 665 1971 exstat
696 1937 792 1980 apud
817 1940 957 1972 ceteros
983 1936 1056 1972 nisi
1088 1937 1126 1972 in
1153 1937 1274 1981 Soph.
1304 1937 1374 1981 frg.
1394 1937 1465 1972 448
1500 1940 1535 1972 et
1561 1936 1599 1971 in

248 1994 357 2029 Anth.
384 1993 464 2028 Pal.
492 1993 545 2030 VI
571 1993 642 2029 252
677 1992 929 2041 [Antiphil.]
965 1998 1001 2030 et
1034 1995 1071 2029 in
1105 1994 1301 2030 Strabon.
1335 1994 1390 2030 XI
1418 1994 1523 2041 756),
1564 1998 1600 2030 et

248 2052 365 2097 ipsum
399 2051 457 2087 illi
491 2052 615 2088 deberi
649 2055 735 2096 puto
770 2052 809 2087 in
841 2053 992 2088 Libanii
1026 2064 1076 2089 or.
1104 2053 1233 2090 XVIII
1258 2054 1323 2089 40:
1370 2051 1597 2090 ἀπολωλέναι

247 2112 393 2159 κρυμῷ
417 2124 457 2147 τε
482 2110 544 2146 καὶ
571 2109 722 2159 νιφάσιν
749 2114 785 2147 et
806 2111 845 2146 in
871 2122 921 2147 or.
940 2111 1030 2147 LIX
1049 2112 1137 2147 145:
1167 2110 1250 2148 οὔτε
1276 2111 1476 2160 χειμερίοις
1501 2125 1599 2160 κρυ-

246 2173 346 2216 μοῖς
372 2168 426 2210 εἷς
453 2168 586 2219 νάρκην
613 2168 862 2212 συστέλλεται,
897 2169 1027 2214 quibus
1058 2170 1097 2206 in
1129 2171 1354 2208 orationibus
1385 2182 1457 2207 non
1482 2181 1600 2216 pauca

248 2230 456 2265 Herodotea
483 2229 810 2274 deprehenduntur.
838 2229 946 2274 Apud
963 2230 1183 2266 Herodotum
1210 2234 1330 2267 autem
1348 2234 1469 2266 exstat
1492 2230 1544 2267 IV
1559 2231 1599 2266 8:

246 2287 309 2325 τὸν
333 2287 511 2336 Ἡρακλέα
541 2287 591 2330 (ὃς
617 2285 821 2325 ἀπικέσθαι
853 2286 891 2329 ἐς
920 2286 985 2336 τὴν
1014 2287 1198 2338 Σκυθικὴν
1230 2287 1350 2338 χώρην
1383 2287 1600 2337 καλεομένην

349 2387 358 2403 ²
392 2386 437 2415 Pa
461 2410 467 2416 .
489 2387 528 2415 55
544 2394 558 2415 s
580 2410 586 2416 .

348 2386 371 2472 ’ζ
392 2394 689 2471 Cf.gH.Jii({tne1-,
720 2434 763 2462 De
790 2433 961 2463 Polemonis
990 2434 1119 2464 rhetoris
1140 2437 1206 2465 vita
1234 2435 1373 2472 operibus
1399 2438 1474 2473 arte,
1504 2436 1600 2466 Bresl.

250 2482 325 2513 Phil.
341 2484 418 2514 Abh.
439 2484 515 2514 VIII
538 2485 552 2513 1
575 2493 603 2521 p.
620 2484 684 2514 116.

348 2532 371 2569 ⁸)
392 2533 467 2570 Pag.
490 2533 529 2561 20
545 2542 586 2568 sq.
