1848 2929
828 184 876 220 87

184 310 379 359 ποιήσαντι
419 309 584 358 Φρυνίχῳ
624 312 746 359 δρᾶμα
782 309 952 358 Μιλήτου
990 307 1125 346 ἅλωσιν
1163 310 1223 345 καὶ
1260 306 1450 352 διδάξαντι
1489 306 1532 348 ἐς

184 368 347 416 δάκρυά
372 382 416 404 τε
442 368 568 405 ἔπεσε
594 368 640 405 τό
665 369 906 417 θέητρονῑ),
939 369 1116 404 Libanius
1142 371 1287 404 secutus
1314 370 1369 402 est
1395 367 1433 401 in
1458 366 1530 402 vol.

183 429 235 466 IV
253 428 335 473 842,
357 428 401 464 18
419 438 488 473 sq.:
530 423 630 474 οἶμαι
666 427 706 466 δὲ·
738 428 798 464 καὶ
831 427 933 474 ὑμῶν
969 425 1128 468 πολλοὺς
1161 425 1225 468 εἰς
1259 424 1424 474 δάκρυα
1457 439 1531 461 πε-

184 490 365 525 σεῖσθαι
394 488 467 523 τῶν
489 488 604 523 κακῶν
629 490 701 524 τῶν
725 487 906 536 ἡμετέρων
931 486 1138 527 ἀκούοντας.
1184 488 1307 531 Aeque
1334 486 1426 521 dicit
1448 486 1530 521 rhe-

184 550 242 582 tor
274 546 313 581 in
340 557 389 581 or.
417 547 474 581 XI
502 547 589 582 155:
623 545 749 583 ἔπεσε
775 547 841 591 μὲν
866 546 886 581 ὁ
913 548 1026 594 δῆμος
1052 545 1115 586 εἰς
1142 544 1322 593 δάκρυα;
1358 544 1531 581 similiter

182 605 264 641 Dio
292 604 391 641 Cass.
419 605 477 650 41,
496 605 553 641 58.

281 661 523 700 ἀνάστατον
548 666 702 700 ποιεῖν.
754 664 855 700 Haec
880 664 1025 709 locutio,
1060 674 1162 708 quae,
1198 664 1230 699 si
1265 663 1459 699 adhibetur
1484 663 1528 698 de

183 722 349 767 urbibus,
382 722 567 767 significat
592 735 787 769 expugnare
812 727 913 768 atque
936 723 1060 766 delere,
1094 726 1130 758 et
1163 723 1194 757 si
1227 723 1270 758 de
1303 721 1524 764 nationibus,

182 781 257 817 vim
282 781 393 816 habet
419 782 566 817 eandem
585 792 690 825 quam
713 783 833 827 patria
858 782 1030 826 expellere,
1058 781 1191 826 legitur
1217 782 1313 826 apud
1330 780 1526 816 Libanium

181 839 220 875 in
237 840 326 876 decl.
342 840 436 876 XIII
454 841 516 876 25:
543 838 615 876 τόν
640 838 945 887 ἀναστάτουςὲ)
965 838 1038 876 οὐκ
1063 839 1222 888 ἄνδρας
1246 838 1393 886 μόνον,
1418 837 1526 876 ἀλλὰ

181 900 252 935 καὶ
278 897 429 939 πόλεις
454 899 713 946 ποιήσαντα,
739 899 802 935 ubi
825 900 967 935 Xerxes
993 900 1176 935 alluditur.
1221 899 1386 943 Respicit
1412 899 1527 943 igitur

181 958 305 994 rhetor
336 959 382 993 ad
412 958 589 994 Herodoti
619 959 732 995 verba
761 958 833 995 VII
859 958 924 994 56:
970 952 999 993 ὦ
1024 959 1109 999 Ζεῦ,
1143 958 1179 994 τί
1213 955 1258 1006 δὴ
1290 956 1399 1006 ἀνδρὶ
1431 955 1526 995 εἰδό-

181 1030 289 1061 μενος
314 1017 439 1064 Πέρσῃ
465 1017 525 1052 καὶ
552 1016 688 1061 οὔνομα
714 1016 793 1053 ἀντὶ
821 1015 914 1056 ,Ιιδς
940 1015 1079 1064 Ξέρξην
1105 1016 1261 1061 θέμενος
1287 1016 1525 1052 ἀνάστατον

181 1072 246 1122 τῆν
269 1073 420 1112 Ἑλλάδα
453 1074 578 1116 θέλεις
612 1074 852 1123 ποιῆσαιςθ)
909 1075 1032 1118 Aeque
1065 1074 1242 1111 Libanius
1276 1075 1366 1111 dicit
1398 1075 1437 1111 in
1471 1086 1522 1111 or.

182 1134 307 1171 XXIV
325 1135 390 1170 37:
425 1133 489 1182 τὴν
514 1135 668 1182 Περσῶν
700 1133 766 1178 μὲν
793 1132 1078 1182 ἐπιστρατεύσας
1109 1132 1347 1170 ἀνάστατον
1380 1133 1524 1171 ε’ποίει

183 1197 218 1229 et
258 1194 464 1229 Herodotus
506 1193 524 1228 I
551 1193 639 1228 155:
693 1193 816 1232 δείσας
854 1191 904 1239 μὴ
953 1191 1218 1233 ἀναστάτους
1256 1192 1415 1240 ποιήσῃ
1458 1192 1524 1234 τοῖς

181 1250 316 1300 Σάρδις
350 1255 386 1287 et
416 1252 435 1286 I
463 1252 547 1287 177:
597 1256 629 1286 T
628 1249 651 1286 οὶ
676 1250 742 1296 μέν
769 1265 831 1286 νυν
857 1250 953 1286 κάτω
979 1253 1043 1299 τῆς
1067 1249 1192 1299 Ἀσίης
1209 1249 1397 1299 ε’Λρπαγος
1422 1250 1522 1288 ἀνά-

183 1323 314 1347 στατα
350 1310 507 1347 ἐποίεε.
566 1310 620 1347 Cf.
650 1310 759 1346 etiam
794 1310 904 1355 Plat.
932 1310 1002 1355 leg.
1029 1310 1087 1345 III
1113 1311 1184 1346 682
1198 1310 1247 1345 D:
1284 1309 1426 1354 Ἀχαιοὶ
1458 1310 1522 1359 τῆν

187 1369 320 1418 Τροίαν
344 1368 583 1406 ἀνάστατον
609 1368 820 1416 ἐποίησαν
846 1372 882 1405 et
907 1370 1037 1405 Isocr.
1067 1380 1116 1405 or.
1141 1369 1193 1406 IV
1219 1370 1275 1405 37.

279 1427 521 1474 *οὐδεμίαν
546 1426 659 1477 ὤραν
685 1430 932 1465 ποιεῖσθαι.
984 1429 1088 1464 Hanc
1113 1428 1328 1464 locutionem
1346 1429 1521 1465 Herodoti

179 1488 364 1533 propriam
391 1499 469 1524 esse
495 1488 568 1524 iam
595 1499 640 1524 ex
658 1498 700 1524 ea
717 1498 756 1523 re
783 1491 947 1532 apparet,
974 1488 1068 1531 quod
1093 1488 1308 1524 Lucianus
1335 1488 1372 1524 in
1398 1488 1520 1525 libello

180 1547 281 1594 περὶ
318 1547 392 1594 τῆς
430 1546 591 1595 Συρίης
629 1547 738 1584 θεοῦ
776 1547 825 1593 (c.
847 1546 912 1593 19)
956 1552 990 1582 et
1032 1546 1441 1583 Pseudo—Lucianus
1483 1548 1521 1583 in

179 1605 441 1651 scriptiuncula
471 1606 571 1654 περὶ
597 1604 883 1654 ἀστρολογίης
914 1606 957 1652 (c.
979 1605 1040 1652 27)
1068 1617 1144 1642 eam
1172 1606 1356 1651 adhibent,
1389 1607 1521 1651 quippe

180 1674 328 1707 quorum
360 1669 533 1700 auctores
571 1665 794 1700 Herodotum
842 1664 965 1699 dedita
1005 1675 1114 1708 opera
1153 1665 1345 1699 imitentur.
1416 1666 1521 1708 Apud

179 1722 402 1759 Herodotum
420 1726 539 1759 autem
565 1722 750 1759 invenitur
772 1722 906 1759 locutio
924 1722 980 1759 IX
998 1723 1038 1759 8:
1065 1721 1146 1759 τότε
1173 1722 1211 1759 δὲ
1236 1720 1292 1771 ὤρ
1302 1736 1347 1770 ην
1372 1721 1520 1771 ἐποιὴ-

181 1793 307 1816 σαντο
346 1780 570 1828 οὐδεμίην,
614 1782 660 1816 ad
699 1791 803 1824 quem
841 1782 959 1816 locum
998 1781 1175 1817 Libanius
1200 1785 1356 1825 spectat
1393 1781 1430 1816 in
1468 1792 1518 1817 or.

178 1840 306 1878 XXIV
332 1840 378 1876 20
412 1840 551 1876 dicens:
586 1839 803 1887 μηδεμίαν
834 1838 947 1888 ὤραν
980 1841 1044 1888 τῆς
1077 1839 1170 1889 ὑπὲρ
1196 1838 1388 1876 Ἰουλιανοῦ
1418 1839 1520 1888 δίκης

180 1898 481 1946 πεποιημένοι.
518 1899 624 1943 Apud
650 1903 790 1935 ceteros
808 1910 878 1935 non
905 1903 1026 1935 exstat
1051 1899 1123 1935 nisi
1149 1900 1243 1943 apud
1260 1899 1425 1935 Aelian.
1444 1903 1519 1935 nat.

179 1957 286 1992 anim.
314 1958 348 2002 5,
367 1958 431 1993 50:
460 1955 504 1992 οὐ
528 1958 722 1992 ποιοῦνται
747 1956 854 2005 ὤραν.

278 2015 418 2054 δεινόν
451 2019 696 2053 ποιεῖσθαι.
748 2017 972 2053 Herodotum
1004 2017 1179 2053 dicentem
1221 2016 1278 2052 III
1313 2016 1396 2052 155:
1432 2017 1520 2052 δει-

179 2074 250 2110 νόν
284 2089 325 2110 τι
366 2074 627 2119 ποιεύμενος
663 2074 877 2122 Ἀσσυρίους
913 2074 1079 2122 Πέρσῃσι
1115 2074 1306 2119 καταγελᾶν
1356 2074 1415 2119 (in
1451 2085 1520 2117 quo

178 2133 299 2179 capite
332 2134 376 2170 de
408 2133 551 2180 Zopyro
561 2132 589 2180 4)
622 2133 813 2181 narratur)
857 2133 1035 2170 Libanius
1069 2133 1232 2170 imitatur
1268 2132 1306 2168 in
1340 2143 1394 2177 ep.
1428 2132 1518 2169 407:

180 2191 323 2229 δεινόν
352 2206 393 2228 τι
424 2191 689 2236 ποιούμενος
714 2191 986 2240 ’Λρισταίνετον
1016 2188 1109 2228 εἶναι
1140 2191 1176 2226 ἐν
1200 2190 1339 2228 πένθει.
1391 2191 1520 2234 Itaque

279 2299 299 2339 ¹)
321 2300 370 2332 Ad,
389 2299 590 2337 Phrynichum
612 2300 705 2329 etiam
727 2299 797 2331 aliis
818 2300 893 2331 locis
908 2300 1055 2331 Libanius
1076 2299 1201 2335 alludit;
1230 2298 1288 2328 vid.
1304 2307 1373 2337 pag.
1388 2298 1426 2328 46
1438 2307 1480 2335 sq.

276 2350 298 2387 ²)
321 2348 533 2382 ἀνασπάστους
561 2358 577 2378 e
602 2349 776 2379 melioribus
798 2350 950 2379 codicibus
977 2349 1162 2379 scribendum
1188 2356 1252 2376 esse
1276 2350 1381 2384 postea
1402 2348 1521 2377 demum

178 2407 193 2427 e
214 2398 367 2428 Foersteri
387 2398 519 2427 editione
540 2398 675 2436 cognovi.

274 2448 298 2486 ³)
321 2447 367 2478 Ad
381 2447 460 2478 hunc
473 2447 571 2478 locum
586 2447 731 2478 Libanius
746 2447 862 2478 duobus
877 2448 946 2478 aliis
961 2448 1034 2478 locis
1048 2446 1185 2484 respicit;
1208 2445 1276 2475 vide
1290 2455 1360 2484 pag.
1377 2446 1415 2476 14
1430 2449 1463 2477 et
1474 2447 1521 2478 16.

275 2498 298 2535 ⁴)
320 2498 396 2527 Vide
416 2506 484 2535 pag.
506 2498 553 2527 50.
