1848 2929
769 221 773 224 ⁴
813 217 858 253 31

163 347 219 370 τοι
252 346 290 380 γε
316 332 504 376 ἐλάττονος
540 332 559 383 ἢ
585 336 708 383 Κῦρον
740 332 800 370 τὸν
830 333 941 381 μέγαν
975 332 1130 380 ἀξιῶσαι
1166 331 1297 382 χρόνου
1335 332 1511 368 Libanius

164 393 201 439 in
244 393 363 428 animo
404 394 527 438 habet,
572 395 665 437 quod
701 395 904 429 Herodotus
947 397 1102 429 testatur
1145 394 1162 428 I
1190 393 1271 436 214,
1297 394 1337 427 4:
1389 393 1512 439 Κῦρος

162 451 310 500 τελευτᾷ
340 451 560 498 βασιλεύσας
589 451 634 488 τά
661 451 781 489 πάντα
811 451 891 494 ἑνὸς
917 452 1044 490 δέοντα
1075 450 1268 501 τριήκοντα
1294 449 1387 488 ἔτεα.
1439 451 1511 486 De-

163 511 271 553 nique
297 512 409 546 verba
439 512 588 547 Libanii
621 511 670 547 τά
701 511 900 559 πατέρων
930 513 991 547 καὶ
1021 510 1131 547 αὐτὸν
1162 510 1255 558 πρὸς
1288 509 1374 551 τούς
1404 508 1512 557 α’ρχο-

163 566 294 613 μὲνους
319 561 537 616 τετηρηκότα
571 570 679 604 talem
711 570 748 604 in
780 570 921 605 modum
954 569 1169 613 explicanda
1200 572 1299 613 sunt,
1334 571 1374 603 ut
1399 567 1511 603 Liba-

166 627 247 662 nius
267 627 450 672 significet
467 628 648 664 Iulianum
674 628 733 672 iis,
760 628 822 672 qui
845 628 883 663 in
902 628 1052 672 imperio
1080 621 1157 664 eiu's
1178 627 1342 672 fuissent,
1370 630 1510 672 patrem

166 685 279 721 fuisse
316 685 410 721 sicut
445 686 593 731 Cyrum,
634 696 738 729 quem
776 697 798 721 a
832 687 955 722 Persis
994 690 1133 730 patrem
1173 686 1396 721 nominatum
1433 696 1511 721 esse

164 744 369 780 Herodotus
402 744 515 779 tradit
548 744 606 779 III
632 744 696 780 89:
736 743 879 790 λέγουσι
913 743 1072 792 Πέρσαι,
1106 743 1156 785 ὠς
1183 746 1341 792 -Ιαρεῖος
1375 743 1441 789 μὲν
1468 738 1510 791 ἦν

164 801 337 850 κάπηλος,
363 801 567 850 Καμβύσης
593 803 633 839 δὲ
659 801 849 851 δεσπότης,
875 805 1019 851 Κῦρος
1045 802 1089 840 δὲ
1115 802 1272 852 πατήρ,
1304 802 1323 838 ὁ
1348 801 1426 849 μέν,
1453 800 1509 839 ὅτι

165 860 363 909 ἐκαπήλευε
396 860 517 896 πάντα
554 861 599 896 τὰ
635 860 839 909 πρήγματα,
877 861 896 896 ὁ
923 862 972 903 δέ,
1009 861 1065 897 ὅτι
1102 861 1259 906 χαλεπός
1296 875 1335 897 τε
1372 858 1413 910 ἦν
1448 863 1509 898 καὶ

164 918 348 969 ὀλίγωρος,
375 919 393 956 ὁ
417 919 468 962 δέ,
496 918 552 957 ὅτι
581 918 689 968 ἤπιός
714 933 753 956 τε
770 920 830 956 καὶ
857 919 979 966 ἀγαθά
1006 933 1069 969 σφι
1099 920 1217 957 πάντα
1244 919 1507 969 ἐμηχανήσατο.

262 979 304 1015 In
332 979 494 1015 oratione
521 978 656 1026 LIX1),
685 989 776 1023 quae
803 979 1015 1015 inscribitur
1046 978 1276 1021 Βασιλικὸς
1302 978 1364 1021 εἷς
1390 984 1508 1015 Κων-

166 1036 371 1077 στάντιον
401 1038 471 1075 καὶ
503 1036 781 1081 Κώνσταντα,
816 1038 906 1074 dicit
931 1038 1056 1075 rhetor
1089 1039 1109 1084 ξ
1136 1039 1179 1075 51
1213 1038 1297 1075 illos
1323 1039 1411 1075 duos
1443 1038 1508 1075 im-

165 1101 354 1142 peratores
389 1108 468 1133 cum
499 1098 692 1133 Persarum
727 1097 874 1142 regibus
906 1108 1137 1141 comparans:
1182 1096 1319 1144 Ξέρξην
1349 1097 1415 1142 μὲν
1445 1093 1509 1132 οὖν

165 1154 289 1201 ἐῶμεν,
325 1154 359 1192 εἰ
385 1158 493 1198 δοκεῖ,
527 1154 589 1192 τὸν
620 1153 726 1204 οἷνοίᾳ
756 1153 801 1191 τὰ
832 1155 984 1201 μέγιστα
1015 1153 1289 1203 δυστυχήσαντα
1319 1156 1378 1191 καὶ
1404 1159 1509 1201 Καμ-

165 1212 281 1262 βύσην
311 1213 374 1250 τὸν
405 1214 458 1256 εἰς
490 1214 624 1260 μανίαν
658 1213 935 1252 ἐκκυλισθέντα·
973 1216 1132 1262 Δαρεῖον
1163 1213 1213 1256 δέ,
1245 1215 1279 1250 εἳ
1309 1229 1357 1260 τῳ
1389 1214 1508 1262 φίλον,

165 1272 397 1322 παραθέντες
429 1272 655 1320 ἐξετάσωμεν
680 1273 741 1310 καὶ
766 1274 891 1322 Κῦρον
917 1272 1061 1316 ἐκεῖνον,
1089 1267 1132 1309 οὗ
1159 1271 1198 1309 τό
1225 1274 1353 1319 θαῦμα
1379 1275 1510 1322 μικροῦ

167 1331 381 1377 σύμπαντας
414 1332 574 1376 κατέσχε.
627 1331 752 1380 Κύρου
785 1332 851 1378 μὲν
884 1332 1006 1367 τοίνυν
1039 1330 1154 1372 εὐθὺς
1187 1332 1376 1377 γενομένου
1409 1345 1510 1368 κατε-

170 1389 346 1439 ψηφίσθη
372 1389 536 1433 θάνατος
569 1391 629 1427 καὶ
660 1392 775 1427 ταῦτα
805 1389 878 1427 ὑπὸ
910 1392 981 1426 τῶν
1012 1389 1282 1439 προσηκόντων,
1316 1392 1375 1427 καὶ
1403 1389 1437 1426 εἰ
1460 1389 1510 1439 μὴ

167 1448 339 1498 συμφορὰ
365 1448 532 1496 γυναικὸς
549 1449 726 1497 βουκόλου
751 1449 792 1486 τὸ
809 1449 946 1498 βρέφος
963 1448 1146 1492 διέσωσεν,
1174 1448 1238 1485 οὐκ
1260 1448 1304 1485 ἂν
1329 1445 1371 1498 ἦν
1389 1450 1511 1498 Κῦρος

166 1507 341 1554 οὐδαμοῦ.
392 1510 449 1545 52.
483 1507 689 1557 ἀνδρωθεὶς
720 1509 759 1545 δὲ
785 1509 844 1544 καὶ
876 1507 1024 1557 κινήσας
1052 1508 1200 1556 Πέρσας
1227 1507 1375 1556 Μήδοις
1405 1507 1509 1544 ἐπελ-

166 1565 246 1602 θὼν
271 1565 333 1602 τὸν
359 1566 511 1604 πάππον
537 1566 739 1615 διέφθειρε,
768 1566 807 1603 τὸ
833 1566 899 1612 μέν
924 1581 960 1603 τι
986 1567 1198 1612 πλεονεξίας
1225 1566 1507 1612 ἐπιδειξάμενος,

166 1624 206 1661 τὸ
241 1624 280 1661 δὲ
315 1625 525 1672 δυσσεβείας
556 1624 600 1661 ου’
631 1625 768 1673 πόρρω.
820 1624 859 1662 τὸ
892 1625 958 1670 μὲν
988 1624 1053 1673 γὰρ
1087 1624 1149 1673 τὴν
1181 1623 1225 1660 ού
1257 1624 1510 1673 προσήκουσαν

165 1682 276 1732 άρχην
302 1683 465 1732 ἁρπάσαι
492 1683 718 1728 πλεονεξίας,
756 1682 793 1720 τὸ
826 1683 866 1721 δὲ
896 1683 1087 1732 προσεῖναί
1114 1697 1193 1720 τινα
1224 1683 1310 1731 περὶ
1341 1682 1426 1725 τούς
1457 1682 1509 1719 οἰ-

166 1742 285 1784 κείους
322 1742 434 1791 φόνον
473 1741 537 1779 οὐκ
576 1741 733 1790 εὕσεβές.
794 1743 940 1791 -Ιαρείῳ
980 1742 1019 1779 δὲ
1055 1742 1119 1791 την
1157 1742 1345 1789 βασιλείαν
1378 1741 1512 1779 ἔδωκαν

166 1800 374 1847 ἱπποκόμου
404 1800 509 1851 τέχνη
536 1802 594 1839 καὶ
620 1800 737 1844 ἵππος
769 1801 929 1851 δύσερως
955 1803 1014 1838 καὶ
1046 1800 1285 1851 χρεμετισμὸς
1309 1816 1512 1850 μεμηχανη-

165 1860 283 1906 μένος.
334 1862 388 1897 De
415 1862 545 1905 quibus
571 1862 693 1898 verbis
727 1865 767 1897 ut
798 1862 1035 1907 disputemus,
1070 1862 1247 1898 Libanius
1279 1860 1418 1910 Ξέρξην
1449 1873 1511 1898 no-

166 1920 281 1955 minat
306 1918 368 1955 τόν
394 1918 500 1968 ἀνοίᾳ
531 1919 575 1956 τὰ
604 1919 757 1966 μέγιστα
783 1920 1057 1968 δυστυχήσαντα
1089 1924 1293 1965 propterea,
1329 1922 1423 1965 quod
1449 1921 1511 1956 ille

167 1979 346 2014 dementia
380 1982 507 2023 captus
540 1990 597 2024 ea,
633 1989 724 2023 quae
751 1979 958 2015 Artabanus
992 1979 1312 2029 admonuit'ffler.
1340 1979 1412 2016 VII
1440 1979 1510 2026 10),

166 2037 361 2083 neglegens
395 2037 432 2072 in
460 2038 616 2074 Graecia
647 2041 769 2074 tantas
795 2038 1024 2074 calamitates
1055 2037 1206 2082 accepit.
1259 2038 1380 2074 Verba
1406 2042 1512 2083 Καμ-

165 2094 279 2143 βύσην
310 2094 371 2133 τὸν
409 2095 462 2137 εἰς
494 2096 629 2141 μανίαν
667 2095 926 2133 ἐκκυλισθέντα
962 2100 1126 2141 spectant
1165 2097 1211 2132 ad
1248 2108 1304 2142 ea,
1342 2107 1432 2140 quae
1467 2097 1510 2132 de

164 2154 354 2201 Cambysis
380 2155 523 2191 insania
550 2151 743 2191 traduntur
769 2156 854 2192 Her.
870 2155 927 2191 III
946 2156 993 2192 30
1002 2166 1089 2200 sqq„
1118 2155 1212 2199 apud
1239 2165 1342 2199 quem
1360 2156 1509 2190 verbum

164 2212 341 2259 μαίνομαι
367 2213 511 2258 saepius
537 2214 691 2259 legimus
718 2214 790 2262 (III
816 2214 880 2251 30:
909 2212 1031 2261 ἐμάνη,
1058 2214 1115 2249 ΙΙΙ
1135 2214 1181 2249 33
1200 2216 1235 2249 et
1253 2213 1314 2249 34:
1343 2211 1508 2260 ἐξεμάνη,

164 2272 222 2307 III
248 2273 310 2308 37:
339 2272 574 2318 ἐξεμαίνετο).
627 2273 837 2320 (Cambyses
867 2277 985 2309 mente-
1011 2276 1137 2317 captus
1172 2273 1280 2308 etiam
1307 2272 1392 2307 aliis
1418 2272 1509 2308 locis

166 2342 189 2366 a
224 2331 379 2368 Libanio
420 2336 717 2369 commemoratur
752 2332 852 2369 velut
889 2332 928 2368 in
964 2343 1013 2368 or.
1046 2331 1153 2368 XVII
1182 2332 1246 2367 32:
1294 2329 1509 2379 Καμβύσης,

267 2429 287 2466 ¹)
310 2430 355 2458 Ad
376 2429 454 2458 hanc
475 2429 644 2459 orationem
664 2429 811 2459 nonnulla
831 2429 1017 2466 Herodotea,
1044 2437 1119 2465 quae
1139 2429 1199 2457 iam
1220 2428 1361 2457 Foerster
1381 2427 1511 2457 adnota-

166 2478 228 2514 vit,
255 2479 385 2514 protulit
410 2478 568 2509 Carolus
589 2479 735 2517 Gladisx,
765 2479 809 2509 De
830 2479 998 2516 Themistii‚
1021 2477 1148 2515 Libanfi,
1169 2477 1281 2506 Iuliani
1309 2477 1340 2506 in
1362 2477 1511 2507 Constan-

165 2526 242 2554 tium
264 2527 462 2565 orationibus,
493 2528 564 2559 diss.
587 2528 715 2559 Vratisl.
734 2529 816 2566 1907,
837 2538 866 2566 p.
881 2529 928 2559 45.
