1848 2929
951 216 1002 252 ⁹28>

304 346 368 367 κου
401 333 475 379 τῆς
509 331 747 377 οἶναβάσιός
784 332 861 368 ἐστι
893 332 1080 381 καταγωγή
1115 333 1166 379 (in
1191 335 1301 370 medio
1326 346 1472 374 ascensu
1503 336 1656 371 versant-i

304 391 400 427 locus
430 392 478 427 ad
503 392 647 437 quietem
678 390 740 437 est)
764 391 955 428 ⁴Libanius
990 392 1154 429 imitatur
1190 392 1228 428 in
1260 403 1311 429 or.
1338 393 1410 429 LII
1436 393 1500 429 35:
1537 392 1654 440 τούτῳ

303 452 378 498 τῆς
404 448 539 498 ἀρχῆς
564 451 788 495 μεσοῦντι,
820 461 888 495 quo
915 452 994 487 loco
1021 451 1129 495 paulo
1157 455 1241 487 ante
1267 452 1361 487 idem
1388 452 1652 489 substantivum

302 507 488 555 καταγωγὴ
514 510 638 544 eadem
656 509 802 543 notione
827 513 946 544 exstat
964 513 1071 552 atque
1091 510 1186 553 apud
1205 510 1427 545 Herodotum
1449 510 1513 558 illo
1532 511 1654 546 eodem

304 567 394 604 loco.
446 567 501 605 Cf.
530 567 640 604 Plat.
674 567 744 613 leg.
774 568 899 605 X618
928 568 977 604 B:
1012 566 1057 604 τὰ
1094 566 1134 606 δὲ
1170 566 1306 612 νόσοις,
1345 566 1391 606 τὰ
1425 569 1465 607 δὲ
1500 568 1655 616 ὑγιείαις

302 630 497 672 μεμῖχθαι,
515 625 561 661 τά
579 627 618 663 δὲ
636 628 697 663 καὶ
715 628 850 671 μεσοῦν
867 626 1004 663 τούτοιν
1031 631 1067 662 et
1093 628 1275 663 Aristid.
1295 639 1346 664 or.
1359 629 1453 663 XIII
1472 639 1506 672 p.
1522 629 1652 672 201,8;

302 688 500 732 μεσοῦντας
525 685 592 732 μὲν
617 683 671 722 ἔτι
698 686 763 733 τῆς
790 685 944 735 πορείας
971 684 1196 735 προσέβαλεν
1224 707 1268 712 -—
1295 685 1373 735 βοή.

401 745 590 794 ῥύεσθαί
623 759 752 786 τινος.
804 746 883 781 Ηοο
918 748 1082 789 verbum,
1117 747 1210 790 quod
1238 747 1354 787 Attici
1388 758 1467 782 cum
1501 757 1654 791 praepo-

302 805 435 841 sitione
468 803 506 839 ἐκ
532 807 691 848 struunt,
727 815 749 839 a
775 804 893 849 poetis
928 809 963 840 et
989 805 1035 840 ab
1062 804 1246 840 Herodoto
1278 815 1542 849 nonnumquam
1574 815 1653 841 cum

301 875 400 900 mero
432 863 601 909 genetivo
634 862 867 908 coniungitur
879 862 921 909 ¹);
968 863 1028 899 hic
1060 863 1154 899 enim
1181 862 1271 899 dicit
1309 863 1327 899 Ι
1354 863 1416 900 86:
1451 864 1486 900 εἲ
1509 864 1567 905 τίς
1591 878 1655 910 μιν

302 921 487 968 δαιμόνων
514 920 690 969 ῥύσεται
729 923 806 957 τοῦ
843 920 898 970 μὴ
925 922 1041 965 ζῶντα
1079 923 1406 970 κατακαυθῆναι
1447 927 1484 958 et
1508 923 1563 958 IX
1588 924 1652 958 76:

302 980 468 1029 (51300552)
506 994 552 1025 με
589 1000 635 1004 -
674 978 908 1025 αἰχμαλώτου
947 979 1223 1027 δουλοσύνης.
1276 981 1400 1016 Etiam
1438 981 1532 1017 hanc
1569 991 1653 1017 con-

301 1040 537 1078 structionem
570 1039 749 1075 Libanius
784 1040 829 1075 ab
864 1039 1048 1076 Herodoto
1082 1043 1265 1076 mutuatus
1300 1043 1355 1076 est
1385 1040 1423 1076 in
1453 1051 1503 1077 or.
1523 1039 1653 1078 XVIII

302 1101 389 1135 206:
408 1098 550 1138 ἵππους
568 1096 698 1139 ὅπλοις
716 1097 927 1145 ῥυόμενος
945 1097 1216 1146 τραυμάτων,
1238 1099 1285 1134 cf.
1306 1093 1357 1134 or'.
1376 1099 1395 1133 I
1414 1100 1494 1134 222.
1514 1100 1570 1135 XI
1588 1100 1651 1143 31;

300 1158 372 1195 vol.
399 1158 452 1195 IV
471 1157 553 1202 733,
573 1157 619 1192 22
633 1167 703 1200 sq.:
732 1155 840 1192 πόλιν
866 1154 953 1204 ὅλην
979 1155 1128 1205 ῥύεται
1156 1156 1301 1201 νόσου;
1336 1157 1406 1193 vol.
1426 1158 1477 1194 IV
1499 1158 1578 1203 141,
1595 1158 1651 1194 24.

300 1218 383 1262 455,
401 1218 443 1253 11
461 1227 513 1261 sq.
541 1216 728 1261 887,7sq.
781 1216 918 1252 Eodem
952 1215 1056 1252 modo
1091 1216 1157 1252 hoc
1189 1218 1337 1253 verbum
1371 1217 1524 1253 struitur
1556 1214 1652 1262 apud

300 1277 620 1320 Hippocratem.
666 1275 735 1310 Sed
762 1275 871 1309 etiam
890 1285 968 1309 cum
988 1275 1257 1318 praepositione
1284 1274 1322 1309 ἐκ
1347 1275 1580 1319 coniungitur
1605 1277 1651 1310 ab

300 1335 485 1371 Herodoto
513 1334 543 1371 V
563 1334 627 1369 49:
656 1331 821 1381 ῥύσασθε
839 1331 969 1374 Ἴωνας
995 1332 1032 1369 ἐκ
1058 1331 1294 1381 δουλοσύνης;
1327 1333 1346 1369 Ι
1371 1330 1437 1370 87':
1465 1332 1651 1382 ῥύσασθαί

299 1408 363 1439 μιν
388 1393 427 1429 ἐκ
452 1393 517 1429 τοῦ
542 1392 742 1440 παρεόντος
767 1394 877 1428 κακοῦ
908 1397 943 1428 et
974 1403 997 1427 a
1022 1392 1179 1428 Libanio
1207 1393 1244 1427 in
1271 1392 1324 1437 ep.
1348 1393 1458 1428 1140:
1492 1392 1650 1440 ῥύεσθαι

235 1442 242 1449 ’
299 1451 385 1494 τοὺς
410 1451 590 1502 πλέονταςΙ
619 1450 657 1486 ἐκ
682 1452 815 1492 κακῶν,
850 1461 953 1495 quem
988 1451 1105 1486 locum
1132 1461 1210 1486 cum
1238 1451 1323 1487 Her.
1351 1451 1370 1486 I
1396 1452 1442 1487 87
1470 1451 1648 1488 conferas.

398 1510 661 1548 *τελεῖσθαί
686 1525 785 1547 τινι.
837 1511 959 1547 Verba
985 1510 1134 1546 Libanii
1162 1511 1199 1546 in
1226 1522 1276 1547 or.
1301 1511 1390 1546 LIX
1408 1511 1473 1547 89:
1501 1510 1650 1553 Σκύθας

299 1592 345 1597 --
371 1569 458 1610 τούς
475 1569 577 1617 ’Ἁρει
604 1568 879 1613 τετελεσμένους
914 1570 961 1615 (h.
982 1580 1011 1604 e.
1042 1568 1190 1614 Scythas
1221 1571 1399 1614 mysteriis
1424 1570 1557 1605 Martis
1583 1571 1649 1605 im·-

297 1627 415 1676 tiatos)
451 1631 487 1665 et
519 1627 601 1673 ipsa
634 1627 681 1663 ad
714 1627 936 1663 Herodotum
970 1624 1169 1672 pertinent,
1215 1626 1276 1672 qui
1309 1627 1363 1665 IV
1386 1628 1431 1664 79
1466 1628 1509 1664 de
1542 1628 1649 1674 Scyle

299 1689 435 1733 Scytha
473 1688 625 1730 quodam
670 1690 814 1721 narrat:
860 1685 1074 1732 ἐπεθύμησε
1112 1685 1310 1731 Διονύσῳ
1352 1686 1545 1732 Βακχείῳ
1583 1680 1650 1722 τελ-

298 1746 523 1793 λεσθῆναι.
592 1744 662 1780 Sed
705 1743 859 1790 Scythas
902 1744 1057 1779 Martem
1106 1743 1262 1780 omnium
1306 1745 1452 1781 deorum
1494 1745 1650 1781 maxime

298 1805 454 1841 coluisse
493 1803 698 1847 accepimus
737 1814 782 1838 ex
820 1803 906 1838 Her.
935 1803 986 1838 IV
1013 1803 1078 1846 62;
1131 1803 1276 1838 videtur
1317 1803 1432 1847 igitur
1472 1803 1649 1846 Libanius

298 1863 365 1899 illa
409 1862 572 1898 scribens
615 1864 805 1905 utrumque
845 1861 1021 1896 Herodoti
1065 1861 1181 1896 locum
1225 1861 1263 1896 in
1306 1860 1426 1897 animo
1468 1861 1648 1898 habuisse.

298 1922 462 1958 Eandem
496 1923 715 1957 structuram
754 1920 902 1955 adhibet
936 1920 1172 1964 Xenophon
1206 1930 1321 1965 symp.
1349 1920 1367 1955 Ι
1397 1920 1441 1956 10
1475 1923 1569 1962 (τοῖς
1593 1934 1649 1956 τε-

297 1978 527 2024 τελεσμένοις
558 1976 675 2023 τούτῳ
706 1979 757 2023 τῷ
783 1978 876 2024 θεῷ)
911 1982 947 2012 et
973 1988 1045 2013 oec.
1065 1977 1159 2012 XXI
1187 1978 1231 2013 12
1257 1977 1522 2026 (σωφροσύνῃ).

397 2036 581 2087 *φέρειν
607 2037 671 2079 εἴς
696 2051 747 2073 τι.
799 2037 885 2074 Cum
918 2037 1007 2073 dicit
1032 2036 1211 2073 Libanius
1245 2037 1283 2073 in
1318 2048 1367 2074 or.
1395 2038 1450 2074 XI
1477 2038 1562 2074 213:
1603 2037 1649 2074 τό

296 2112 335 2145 γε
367 2099 524 2145 μηκῦναι
555 2094 619 2132 τόν
653 2096 739 2144 περὶ
772 2096 843 2131 τῶν
874 2097 989 2131 στοῶν
1025 2093 1118 2135 ὅλως
1152 2095 1256 2141 λόγον
1289 2095 1353 2136 εἰς
1385 2096 1427 2132 τί
1458 2110 1562 2133 ποτε
1596 2092 1649 2132 αὖ

298 2156 423 2206 φέρει
472 2156 525 2202 (h.
546 2166 574 2191 e.
615 2167 779 2201 quorsum
811 2155 872 2190 hoc
909 2154 1083 2199 evadiff),
1134 2155 1269 2199 repetit
1313 2155 1490 2191 Herodoti
1536 2157 1648 2192 verba

297 2217 315 2251 I
337 2217 421 2252 120:
450 2215 492 2256 ἐς
510 2214 552 2250 τί
578 2213 665 2259 ὑμῖν
691 2214 827 2249 ταῦτα
853 2213 1057 2261 φαίνεται
1083 2211 1251 2261 φέρειν,·
1277 2214 1365 2261 (h.e.
1386 2226 1549 2260 quorsum
1566 2215 1648 2251 haec

296 2276 438 2312 evadere
467 2274 564 2310 vobis
589 2272 802 2316 videntur&
856 2271 1000 2308 Similia
1033 2273 1128 2317 apud
1154 2276 1293 2309 ceteros
1327 2284 1398 2309 non
1432 2273 1645 2310 invenimus.

398 2372 418 2409 ¹)
441 2371 528 2400 Cous.
561 2371 746 2408 Krueger,
775 2369 908 2398 Gramm.
929 2368 1033 2399 Graec.
1063 2369 1080 2406 ξ
1101 2370 1147 2406 47,
1168 2370 1263 2406 13,1;
1306 2369 1493 2406 Kuehner,
1522 2370 1573 2399 Gr.
1594 2370 1646 2400 Gr.

297 2420 327 2449 II
351 2422 365 2450 l
393 2429 419 2457 p.
435 2420 508 2456 396;
537 2419 604 2449 vide
626 2420 718 2449 etiam
740 2417 885 2448 Schmid
907 2418 1000 2447 Attic.
1023 2417 1038 2446 I
1058 2427 1085 2455 p.
1103 2419 1168 2448 146.

396 2470 417 2506 2)
440 2470 571 2498 Etiamsi
599 2468 654 2497 hoc
683 2468 748 2497 loco
778 2468 912 2504 plerique
941 2467 1057 2496 codices
1086 2468 1231 2503 praebent
1259 2467 1363 2503 λῦσαι,
1391 2470 1493 2496 tamen
1523 2470 1646 2496 auctore

297 2517 452 2555 Kruegero
475 2517 664 2546 scribendum
686 2525 750 2545 esse
766 2524 872 2545 censeo
895 2514 995 2554 ῥῦσαι,
1017 2515 1094 2551 quod
1116 2516 1149 2550 in⁴
1170 2515 1272 2545 codice
1292 2516 1427 2545 Romano
1443 2516 1500 2546 123
1520 2516 1643 2554 legitur.
