1848 2929
823 188 870 223 53

171 302 265 351 ὑπὲρ
292 297 335 339 οὗ
361 304 519 351 δημοσίᾳ
549 302 616 351 χρὴ
642 303 819 347 εὔχεσθαι
851 306 912 341 καὶ
940 307 1043 345 θεοῖς
1073 305 1133 340 καὶ
1161 305 1281 342 θεαῖς,
1318 303 1522 348 παρελθεῖν

172 360 281 397 αὐτὸν
311 361 416 410 μήκει
447 361 531 408 βίου
564 360 626 398 τόν
659 361 980 410 Ἀργανθώνιον
1014 366 1050 398 et
1083 362 1122 397 in
1156 372 1211 406 ep.
1231 361 1321 396 606:
1362 357 1399 394 οἱ
1432 359 1521 406 πρὶν

171 418 256 461 τούς
287 422 490 461 τεθνεῶτας
519 421 777 468 μακαρίζοντες
807 422 870 456 νῦν
905 419 1084 466 βούλοιντ’
1116 419 1159 456 ἂν
1192 418 1246 459 εἷς
1280 417 1325 454 τὸ
1351 417 1416 465 Ἀρ
1425 430 1520 463 γαν-

172 477 356 516 θώνειον
378 481 509 528 γῆρας
535 477 669 518 ἐλθεῖν.
720 480 1025 517 Commemoratur
1051 476 1317 528 Ἀργανθώνιος
1343 477 1454 514 etiam
1481 476 1519 512 in

172 549 222 574 or.
250 539 356 575 XXV
375 540 439 574 23:
476 539 739 587 μακαρίζουσιν
765 538 808 575 οὐ
835 539 1012 587 Νέστορα,
1040 537 1105 575 οὐκ
1130 535 1446 586 Ἀργανθώνιον
1473 557 1518 561 -

170 595 263 633 ἀλλὰ
280 597 444 633 Καλλίαν
469 598 529 634 καὶ
548 596 668 646 Γύγην
692 600 765 635 κτλ.
785 619 830 623 -
849 619 895 623 -
923 599 1041 642 Atque
1058 599 1147 633 haec
1165 597 1307 641 quidem
1336 597 1379 632 de
1397 597 1517 631 rebus.

269 657 346 692 Iam
374 658 420 692 ad
445 657 552 692 finem
577 657 805 701 pervenimus
831 657 966 701 prioris
992 657 1124 702 partis,
1158 668 1229 700 qua
1255 657 1299 691 de
1325 655 1518 691 sententiis

172 718 208 749 et
232 716 339 750 rebus
366 726 388 749 a
405 716 560 751 Libanio
588 727 632 751 ex
649 716 832 751 Herodoto
851 716 1072 759 depromptis
1098 715 1373 759 disputavimus.
1411 714 1516 749 Nunc

173 783 403 818 exponamus,
431 777 470 809 ut
495 774 719 819 propositum
747 777 810 819 est,
838 775 882 810 de
908 773 1119 810 elocutione.

680 980 800 1031 Pars
839 979 1012 1030 altera.

307 1076 405 1122 ssuid
439 1077 581 1121 rhetor
612 1077 648 1120 in
680 1077 907 1121 elocutione
939 1076 1143 1121 Herodoto
1175 1077 1337 1121 debeat.
1351 1077 1377 1123 1)

267 1165 481 1208 Priusquam
520 1165 567 1199 ad
604 1175 680 1200 rem
720 1165 837 1209 ipsam
870 1164 1073 1208 veniamus,
1114 1165 1219 1200 nobis
1256 1176 1373 1209 pauca
1410 1176 1514 1209 prae—

170 1224 347 1260 mittenda
373 1226 466 1259 sunt.
517 1223 723 1267 Libanium,
752 1223 885 1267 quippe
902 1223 964 1266 qui
991 1223 1192 1268 complures
1209 1223 1415 1268 scriptores,
1444 1235 1514 1260 non

170 1283 393 1318 Herodotum
420 1282 546 1326 solum,
578 1281 774 1326 diligenter
799 1281 999 1326 perlegerit
1024 1285 1060 1317 et
1084 1283 1196 1326 probe
1222 1283 1374 1327 noverit,
1401 1283 1515 1319 Hero-

169 1340 245 1376 doti
288 1340 575 1375 enuntiationum
615 1343 835 1375 structuram
872 1339 1054 1375 imitatum
1093 1351 1171 1375 esse
1209 1341 1406 1376 verisimile
1444 1352 1515 1377 non

168 1399 258 1434 mihi
288 1398 482 1435 videbatur
513 1409 601 1433 esse.
661 1398 786 1442 Neque
819 1398 943 1434 inveni
975 1399 1070 1442 apud
1100 1399 1310 1443 Libanium,
1346 1410 1437 1443 quae
1467 1401 1514 1435 ad

168 1456 345 1493 Herodoti
363 1456 487 1493 stilum
504 1456 638 1493 referri
655 1456 806 1501 possint.
842 1457 976 1494 Verum
992 1460 1111 1493 tamen
1130 1458 1241 1493 verba
1264 1460 1301 1493 et
1317 1457 1513 1494 locutiones

167 1516 365 1560 permultas
398 1515 549 1551 Libanii
584 1516 769 1551 Herodoto
803 1515 1015 1552 tribuendas
1049 1526 1127 1552 esse
1165 1527 1303 1561 censeo,
1343 1516 1381 1551 id
1418 1517 1512 1560 quod

168 1585 262 1609 nunc
285 1575 549 1609 demonstrabo.
577 1595 623 1599 —
650 1574 728 1609 Iam
754 1584 866 1619 supra
882 1574 1038 1610 vidimus
1062 1575 1241 1609 rhetorem
1268 1575 1305 1609 in
1323 1575 1513 1610 sententiis

167 1644 212 1669 ex
229 1633 413 1669 Herodoto
433 1632 604 1669 delibatis
630 1643 895 1677 nonnumquam
921 1632 1048 1669 iisdem
1065 1633 1186 1669 verbis
1212 1636 1249 1669 et
1270 1633 1512 1669 locutionibus

166 1696 274 1736 atque
300 1692 402 1727 illum
427 1692 492 1727 uti.
544 1692 742 1727 Praeterea
767 1692 958 1728 nonnullas
984 1695 1106 1736 partes
1124 1692 1370 1728 Historiarum
1395 1692 1512 1728 Hero-

166 1750 242 1785 doti
267 1750 445 1786 Libanius
471 1739 617 1786 videtur
642 1750 696 1785 ita
720 1749 928 1786 memoriter
958 1750 1126 1794 tenuisse,
1153 1753 1193 1785 ut
1214 1751 1326 1786 verba
1353 1753 1389 1785 et
1413 1750 1511 1786 locu-

165 1809 283 1845 tiones
306 1808 522 1854 singulares,
550 1819 642 1852 quae
668 1808 707 1844 in
732 1809 808 1844 illis
834 1808 999 1853 partibus
1026 1812 1179 1853 exstant,
1207 1808 1284 1845 sive
1310 1808 1511 1853 complures

165 1867 273 1903 simul
299 1867 377 1903 sive
402 1867 463 1902 hic
488 1867 567 1902 illic
593 1867 757 1912 singulas
783 1867 859 1902 suis
886 1867 1001 1911 ipsius
1027 1866 1174 1911 scriptis
1199 1866 1404 1902 inseruerit.

262 1926 424 1962 Primum
457 1937 608 1972 agamus
640 1927 683 1962 de
713 1926 902 1963 vocabulis
932 1926 1188 1972 singularibUS,
1222 1929 1296 1961 tum
1323 1926 1367 1961 de
1393 1936 1509 1973 ,voca-

165 1985 262 2021 bulis
296 1985 476 2031 singulari
510 1985 656 2022 notione
689 1985 876 2031 adhibitis,
911 1989 985 2022 tum
1012 1986 1054 2021 de
1079 1986 1270 2021 verborum
1302 1985 1507 2031 structuris,

166 2044 296 2080 deinde
322 2045 365 2080 de
391 2044 645 2089 locutionibuS,
674 2045 828 2088 denique
853 2045 897 2080 de
923 2044 1099 2080 formulis.

425 2151 551 2198 Caput
576 2151 617 2189 1:
652 2152 710 2189 Dc
737 2152 940 2190 vocabulis
967 2151 1247 2198 singularibus.

728 2220 769 2255 A.
798 2221 948 2256 Verba.

262 2277 531 2328 ἀνδροῦσθαι
570 2279 636 2325 (ad
669 2284 813 2316 aetatem
845 2280 979 2315 virilem
1009 2279 1214 2325 pervenire),
1255 2280 1349 2322 quod
1380 2279 1507 2324 depre-

165 2337 334 2373 henditur
367 2339 464 2382 apud
495 2339 676 2374 rhetorem
710 2339 748 2373 in
779 2349 830 2374 or.
857 2339 946 2374 LIX
971 2339 1018 2373 52
1051 2336 1312 2384 (ἀνδρωθεὶς
1338 2338 1375 2373 δὲ
1412 2337 1505 2385 [scil.

264 2434 285 2471 ¹)
306 2435 342 2464 In
356 2435 413 2465 hac
426 2438 513 2473 parte
528 2445 572 2473 ea,
593 2444 670 2472 quae
690 2437 750 2465 iam
764 2436 906 2466 Foerster
926 2437 957 2465 in
971 2435 1101 2465 editione
1115 2435 1283 2472 adnotavit,
1305 2437 1453 2467 asterisco
1468 2438 1508 2475 (*)

164 2491 292 2520 signam.
