1848 2929
840 201 887 237 '27

193 323 229 356 et
253 319 381 365 Polyb.
400 318 439 354 II
456 318 514 363 35,
536 318 590 353 10.
618 319 651 355 V
671 319 726 363 1-6,
739 319 772 355 6.
799 318 889 356 XVI
909 319 964 363 12,
984 317 1053 363 2¹).
1090 316 1212 353 Etiam
1239 316 1306 351 hoc
1324 315 1535 351 adverbium

191 377 370 414 Libanius
406 377 530 413 eadem
567 377 711 413 notione
746 380 854 421 atque
889 377 1094 413 Herodotus
1130 375 1280 410 adhibet
1315 374 1353 409 in
1386 373 1457 410 vol.
1484 373 1537 410 IV

192 436 274 482 809,
296 436 358 472 14:
385 435 483 477 τίνος
508 433 721 473 ἀνέκαθεν
745 438 823 477 τοῖς
847 450 886 472 τε
912 434 1038 481 νόμοις
1063 434 1123 471 καὶ
1148 434 1202 481 τῷ
1227 430 1423 481 γεγραφότι
1450 430 1537 473 τούς

193 494 327 539 νόμους
353 493 542 541 ἕμὲλησενς
768 497 772 502 ”

290 552 390 589 Satis
428 552 562 588 dictum
608 556 663 588 est
701 553 744 589 de
776 553 898 589 verbis
937 552 1116 596 singulari
1159 551 1305 587 notione
1343 549 1536 593 adhibitis;

193 622 287 648 nunc
312 611 489 647 disseram
514 612 558 647 de
583 611 766 648 nonnullis
791 613 981 648 verborum
1007 611 1199 646 structuris
1225 609 1486 655 singularibus.

449 729 584 776 ‘Caput
609 729 692 766 111:
727 729 784 766 De
809 730 1023 767 verborum
1048 729 1276 766 structuris.

292 808 469 854 Quoniam
495 819 518 844 a
535 808 690 844 Libanio
716 809 895 853 permulta
917 809 1100 844 Herodoto
1127 808 1252 844 deberi
1269 806 1437 852 vidimus,
1464 817 1537 842 non

196 867 402 903 dubitamus
428 867 538 903 etiam
564 867 755 903 nonnullas
772 869 963 904 verborum
988 870 1189 903 structuras
1212 867 1308 911 apud
1333 866 1436 902 illum
1462 865 1538 901 sin-

194 925 340 971 gulares
366 926 413 961 ad
438 926 614 964 Herodoti
641 926 893 962 auctoritatem
918 926 1072 970 referre,
1106 925 1250 961 etiamsi
1277 925 1373 970 apud
1398 928 1538 961 ceteros

194 984 255 1020 hic
280 984 359 1020 illic
384 985 714 1030 deprehenduntur;
749 988 833 1021 sunt
857 988 976 1020 autem
1001 985 1088 1020 hae:

293 1044 311 1064 *
325 1040 509 1086 ἔχεσθαί
533 1054 652 1083 τινος
685 1043 866 1088 (pertinere
892 1043 938 1079 ad
964 1043 1125 1088 aliquid).
1177 1042 1277 1089 Quae
1304 1042 1395 1078 dicit
1419 1042 1536 1078 Hero-

197 1102 302 1138 dotus
331 1101 453 1137 1177:
497 1099 576 1138 ὃσα
612 1100 632 1149 ἢ
662 1099 853 1150 ὀρνίθων
885 1099 907 1149 ἢ
934 1100 1099 1145 ἰχθύων
1132 1102 1199 1149 σφί
1232 1101 1324 1138 ἐστι
1355 1099 1538 1146 ἐχόμενα

197 1161 327 1205 (omnia
356 1172 445 1206 quae
474 1161 522 1196 ad
552 1172 632 1196 aves
656 1161 710 1196 vel
738 1161 787 1196 ad
806 1160 920 1205 pisces
945 1159 1140 1206 pertinent),
1175 1160 1264 1196 haec
1289 1160 1466 1196 Libanius
1498 1160 1538 1195 in

197 1219 317 1255 animo
342 1219 464 1264 habet,
492 1230 571 1255 cum
597 1218 688 1255 dicit
712 1218 751 1254 in
777 1229 828 1255 or.
850 1218 938 1255 XIV
956 1219 1021 1254 45:
1049 1216 1126 1255 ὅσα
1152 1213 1198 1266 ἦν
1224 1217 1421 1255 ἐπίπλων
1446 1217 1538 1263 ἐχό-

198 1290 288 1323 μενα
322 1277 453 1323 (om-nia
479 1290 567 1323 quae
597 1278 645 1314 ad
669 1278 907 1323 supellectilem
934 1278 1172 1323 pertinebant).
1224 1277 1368 1314 Similia
1394 1281 1539 1314 exstant

198 1337 294 1381 apud
326 1336 549 1373 Herodotum
588 1336 747 1382 saepius,
786 1336 887 1373 velut
918 1336 937 1372 I
965 1336 1052 1373 120:
1094 1335 1140 1372 τά
1173 1348 1211 1383 γε
1240 1337 1311 1372 τῶν
1343 1334 1540 1385 ὀνειράτων

199 1393 369 1440 ἐχόμενα;
404 1396 437 1432 V
454 1396 520 1431 49:
547 1398 644 1432 τοῖσι
671 1393 754 1432 οὔτε
781 1396 918 1444 χρυσοῦ
942 1394 1110 1440 ἐχόμενόν
1136 1394 1213 1432 ἐστι
1240 1393 1343 1432 οὐδὲν
1367 1394 1449 1432 οὔτε
1474 1394 1540 1444 οἷρ-

197 1452 327 1503 γύρου;
362 1454 409 1490 cf.
429 1454 487 1491 III
505 1455 562 1491 25.
578 1455 636 1491 66.
663 1454 756 1492 VIII
774 1455 855 1491 142.
908 1455 1015 1500 Apud
1040 1454 1261 1494 Platonem
1288 1455 1424 1491 duobus
1450 1455 1540 1492 locis

197 1514 321 1549 eadem
347 1517 530 1549 structura
555 1513 756 1557 adhibetur,
784 1515 849 1549 sed
873 1524 954 1549 cum
979 1513 1148 1558 genetivo
1173 1523 1292 1549 rerum
1317 1513 1399 1549 visu
1423 1517 1540 1549 tactu-

197 1582 265 1616 que
291 1582 362 1608 non
388 1571 664 1608 manifestarum
690 1571 923 1618 coniungitur
960 1571 1029 1617 leg.
1056 1572 1095 1608 II
1121 1571 1192 1608 655
1209 1572 1258 1607 B:
1297 1569 1342 1607 τὰ
1367 1571 1433 1618 μὲν
1458 1570 1540 1620 α’ρε-

196 1631 260 1679 τῆς
282 1629 434 1676 ἐχόμενα
461 1634 497 1667 et
513 1631 566 1669 VI
584 1632 654 1667 775
667 1631 717 1667 D:
745 1629 814 1667 ὅσα
831 1628 972 1679 ὕβρεως
998 1629 1019 1679 ἢ
1040 1629 1188 1671 ἀδικίας
1205 1629 1366 1677 ἐχόμενα.
1401 1631 1539 1668 Ceteris

196 1689 288 1725 locis
314 1690 390 1726 alia
415 1689 562 1726 notione
587 1693 717 1726 exstat.

295 1744 341 1785 εὖ
373 1747 491 1797 ἥκειν
523 1748 648 1792 τινός.
700 1749 801 1796 Quae
836 1750 1005 1795 leguntur
1040 1750 1136 1795 apud
1167 1749 1359 1786 Libanium
1395 1750 1433 1785 in
1467 1750 1538 1786 vol.

198 1808 249 1844 IV
267 1808 350 1853 595,
370 1809 392 1844 6
410 1809 444 1844 R
466 1819 535 1852 sq:
569 1807 699 1855 τύχης
731 1803 777 1843 εὖ
808 1806 988 1855 ἥκοντας
1022 1808 1117 1854 (bene
1141 1820 1177 1844 se
1201 1809 1358 1844 habentes
1382 1820 1469 1854 quae
1493 1809 1541 1844 ad

189 1866 379 1912 fortunam
410 1868 616 1913 pertinent),
660 1867 749 1903 haec
787 1867 866 1904 sine
904 1867 1012 1904 dubio
1056 1878 1101 1903 ex
1139 1867 1322 1904 Herodoto
1364 1867 1539 1913 originem

197 1927 341 1972 ducunt,
386 1927 482 1971 apud
518 1937 621 1970 quem
657 1926 750 1962 talia
785 1926 931 1971 saepius
962 1927 1143 1971 leguntur,
1187 1927 1287 1963 velut
1321 1926 1340 1961 I
1364 1927 1428 1962 30:
1465 1927 1542 1963 τοῦ

198 1983 296 2030 βίου
327 1980 374 2019 εὖ
404 1982 552 2032 ἥκοντι
585 1985 679 2029 (scil.
707 1983 823 2030 αὐτῷ)
852 2005 894 2010 -
921 1983 1070 2032 τελευτὴ
1094 1985 1161 2020 τοῦ
1192 1985 1276 2030 βίου
1305 1984 1541 2032 λαμπροτάτη

198 2041 402 2090 ἕπεγὲνετο;
449 2044 482 2082 V
505 2043 570 2080 62:
609 2041 840 2093 χρημάτων
871 2038 917 2081 εὖ
943 2040 1140 2093 ἥκοντας;
1185 2042 1275 2081 VIII
1301 2043 1388 2080 111:
1427 2045 1541 2081 θεῶν

197 2105 390 2152 χρηστῶν
416 2101 560 2152 ἥκοιεν
585 2098 649 2148 effi
681 2104 701 2140 I
721 2104 808 2140 102:
836 2102 1005 2140 ἑωυτῶν
1031 2099 1077 2140 εὖ
1105 2102 1284 2151 ἥκοντες.
1334 2103 1404 2140 Sed
1430 2103 1541 2140 etiam

197 2162 273 2197 alia
298 2162 474 2198 adverbia
501 2162 624 2198 eodem
641 2162 745 2198 modo
772 2173 852 2198 cum
868 2164 980 2199 verbo
1007 2160 1106 2211 ἥκειν
1131 2161 1327 2207 coniungit,
1353 2161 1454 2198 velut
1469 2162 1543 2199 VH

200 2221 287 2257 157:
322 2220 496 2267 δυνάμιος
529 2242 577 2248 —-
611 2219 707 2269 ἥκεις
732 2219 895 2268 μεγάλως
933 2226 970 2258 et
999 2222 1018 2258 Ι
1046 2222 1133 2258 149;
1168 2220 1288 2270 ώρέων
1314 2220 1354 2258 δὲ
1386 2218 1542 2269 ἥκουσαν

198 2280 291 2324 (scil.
310 2278 443 2328 χώρην)
467 2279 531 2316 οὐκ
553 2279 700 2325 ὁμοίως.
726 2281 782 2316 Of.
801 2278 899 2316 Luc.
920 2281 1027 2325 imag.
1042 2283 1102 2315 11:
1121 2281 1265 2328 μορφῆς
1281 2274 1323 2315 εὖ
1339 2279 1541 2327 ἦκούσαςῖ).

295 2338 454 2384 μεσοῦν
479 2351 605 2381 τινος.
655 2338 879 2376 Herodotum
905 2339 1083 2376 dicentem
1108 2339 1128 2375 I
1154 2339 1239 2375 181:
1270 2339 1476 2384 μεσοῦντι
1503 2338 1544 2377 δέ

298 2455 319 2493 ¹)
341 2456 417 2486 Vide
438 2455 581 2486 Schmid
607 2456 626 2486 l.
642 2464 666 2485 c.
688 2455 747 2485 vol.
769 2455 785 2485 I
804 2464 832 2493 p.
847 2456 914 2487 306.

297 2505 319 2544 ¹)
341 2505 419 2537 Vide
439 2505 584 2536 Schmid
609 2505 628 2537 l.
645 2515 669 2537 c.
691 2505 749 2536 vol.
771 2506 787 2536 I
806 2515 833 2544 p.
850 2506 916 2538 145.
