1848 2929
914 213 961 249 36

258 331 329 368 VII
348 331 394 366 35
421 331 581 366 Xerxem
608 330 780 375 pontibus
807 341 896 375 quos
920 332 1059 367 fecerat
1084 330 1122 366 vi
1148 330 1260 366 maris
1286 329 1454 366 rescissis
1480 330 1613 365 iratum

258 389 535 435 Hellespontum
566 389 693 434 flagris
726 390 915 426 verberari
956 393 992 426 et
1025 393 1174 426 catenas
1213 389 1251 425 in
1291 399 1370 425 eum
1402 388 1544 425 demitti
1578 392 1614 424 et

259 449 434 494 stigmate
461 459 541 484 eum
560 449 681 493 puniri
709 449 859 484 iussisse
872 449 898 495 1)
926 453 962 484 et
979 451 1214 484 verberantes
1241 448 1341 483 iussu
1358 448 1457 493 regis
1476 447 1613 483 dixisse

260 508 368 543 haec:
404 502 459 549 „03
483 505 614 554 πικρόν
638 504 755 555 ὕδωρ,
787 506 967 554 δεσπότης
999 520 1056 542 τοι
1083 508 1185 554 δίκην
1211 506 1379 544 ἐπιτιθεῖ
1402 505 1525 554 τήνδε,
1556 504 1614 541 ὅτι
1644 541 1647 543 Α

258 580 324 610 μιν
361 564 534 613 ἠδίκησας
568 564 673 602 οὐδὲν
705 564 800 613 πρός
833 565 972 602 ἐκείνου
1004 564 1129 601 ἄδικον
1163 563 1297 601 παθόν.
1348 565 1408 600 καὶ
1441 561 1615 615 βασιλεύς

259 623 326 669 μὲν
352 622 492 672 Ξέρξης
518 622 735 672 διαβήσεταί
762 636 813 665 σε,
848 623 887 671 ἢν
912 637 951 659 τε
977 623 1022 660 σύ
1049 636 1088 670 γε
1114 623 1228 672 βούλῃ
1255 622 1296 672 ἥν
1321 637 1360 659 τε
1385 621 1453 670 μή·
1490 622 1548 659 σοὶ
1575 622 1614 659 δὲ

260 681 350 718 κατά
377 683 480 730 δίκην
505 680 576 730 ἄρα
603 680 725 722 οὐδεὶς
751 681 961 730 ἀνθρώπων
986 681 1073 718 θύει
1100 681 1151 723 (ἇς
1177 681 1272 718 ἐόντι
1297 682 1358 717 καὶ
1384 683 1530 729 θολερῷ
1555 681 1613 716 καὶ

260 739 415 788 ἁλμυρῷ
441 742 632 787 ποταμῷ“.
659 761 705 766 --
732 741 856 777 Verba
881 740 1031 776 Libanii
1057 741 1095 775 in
1122 751 1172 776 or.
1201 740 1277 776 XII
1301 741 1364 775 74:
1394 737 1616 787 Δημάρατος

260 798 279 836 ὁ
308 798 352 837 τά
379 797 469 848 παρ’
497 798 585 848 ἡμῖν
612 798 706 849 πρός
732 799 890 841 ἐκείνους
916 798 1076 836 ἐπαινῶν
1102 797 1225 846 ἀγαθὰ
1250 803 1348 837 certe
1373 800 1420 836 ad
1446 799 1615 836 Halicar—

261 870 430 895 nasseum
457 863 634 904 spectant,
663 860 725 903 qui
751 863 879 895 narrat
905 860 976 895 VII
1005 860 1074 895 102
1093 869 1144 902 sq.
1189 859 1435 903 Demaratum,
1462 869 1541 894 cum
1568 859 1616 893 ad

260 918 420 954 Dareum
452 918 681 963 confugisset
712 922 748 954 et
774 918 922 954 summis
953 918 1150 954 honoribus
1177 921 1348 963 acceptus
1376 921 1486 962 esset,
1520 917 1616 962 apud

260 977 435 1021 Xerxem,
476 987 579 1020 quem
619 977 658 1012 in
697 977 891 1013 Graeciam
931 976 1217 1021 proficiscentem
1257 976 1506 1020 comitaretur,
1547 975 1615 1011 ali—

260 1036 403 1078 quando
424 1035 585 1071 Graecos
612 1045 805 1079 eorumque
823 1035 978 1071 virtutes
1005 1035 1115 1080 longa
1139 1034 1303 1070 oratione
1328 1034 1547 1071 laudavisse.
1567 1055 1614 1060 —

262 1094 305 1129 In
332 1105 383 1129 or.
403 1094 473 1130 XV
491 1094 549 1138 40,
577 1094 640 1129 ubi
659 1094 802 1130 codices
820 1095 996 1138 praebent
1022 1092 1161 1142 Ξέρξην
1186 1091 1327 1142 οἷφένια
1351 1093 1418 1138 μὲν
1443 1091 1529 1135 τούς
1554 1106 1614 1129 κα-

262 1151 468 1191 τασκόπους
485 1150 571 1191 τοὺς
593 1151 675 1187 α’ντὶ
693 1154 765 1187 τῶν
783 1150 955 1199 κηρύκων,
981 1153 1190 1187 Foerster
1201 1152 1227 1198 ²)
1255 1153 1350 1187 inter
1367 1150 1616 1192 κατασκόπους

264 1214 300 1246 et
325 1208 411 1250 τούς
437 1214 536 1246 recte
563 1211 762 1246 inseruisse
788 1211 877 1246 mihi
904 1211 1049 1247 videtur
1075 1208 1214 1259 ἀφέντα
1240 1209 1298 1255 δὲ;
1334 1221 1417 1246 nam
1442 1211 1510 1246 hoc
1535 1210 1614 1246 loco

263 1270 531 1315 significantur,
569 1281 661 1314 quae
687 1271 892 1306 Herodotus
920 1264 1145 1307 narrat'VII
1172 1270 1242 1305 146
1270 1274 1305 1305 et
1332 1270 1420 1306 136:
1457 1270 1615 1305 Xerxem

264 1328 515 1373 exploratores
547 1332 622 1364 tres
649 1329 825 1373 Graecos,
859 1329 921 1372 qui
952 1340 974 1364 a
1000 1329 1192 1364 Persarum
1224 1328 1375 1364 ducibus
1402 1328 1616 1373 deprehensi

264 1391 300 1423 et
326 1388 460 1432 capitis
487 1388 648 1423 damnati
677 1392 806 1432 essent,
834 1391 870 1423 et
896 1389 984 1424 duos
1010 1388 1328 1432 Lacedaemonios,
1347 1387 1553 1432 Sperthiam
1580 1391 1616 1423 et

263 1446 441 1490 Bulidem‚
470 1457 492 1481 a
518 1446 660 1482 civibus
687 1446 826 1490 missos,
855 1456 943 1489 quos
970 1457 1035 1490 pro
1062 1446 1302 1490 praeconibus
1320 1446 1434 1481 Darei
1460 1457 1483 1481 a
1500 1446 1614 1481 Lace-

264 1504 466 1539 daemoniis
494 1504 700 1540 interfectis
726 1505 869 1539 Xerxes
896 1508 1053 1548 necaret,
1081 1504 1186 1540 vivos
1213 1503 1404 1540 dimisisse.
1449 1504 1507 1539 Ad
1532 1504 1617 1539 illos

264 1563 406 1598 eosdem
446 1563 534 1599 duos
572 1563 881 1599 Lacedaemonios
913 1563 1092 1599 Libanius
1131 1566 1273 1608 spectat
1312 1563 1350 1598 in
1390 1573 1440 1599 or.
1468 1563 1544 1598 XII
1570 1563 1617 1599 85

264 1621 405 1657 dicens:
448 1620 515 1667 ἐγώ
548 1621 588 1658 δὲ
615 1621 753 1669 Ξέρξην
787 1621 999 1666 ἐθαύμαζον
1031 1620 1094 1657 οὐκ
1126 1620 1386 1658 ἀποκτείναντα
1419 1620 1505 1661 τούς
1537 1620 1617 1657 ἀντὶ

263 1681 334 1715 τῶν
366 1678 523 1726 ἀγγέλων
550 1678 613 1716 ἐπὶ
646 1678 708 1715 τόν
743 1679 904 1717 θάνατον
940 1678 1101 1728 ἥκοντας.
1152 1678 1302 1729 κήρυκες
1335 1678 1505 1728 ἠδίκηντο
1530 1678 1618 1728 παρ’

264 1736 351 1785 ὅλης
385 1738 537 1780 πόλεως,
572 1737 884 1788 εὐκαταφρόνητον
914 1741 965 1785 τῷ
992 1738 1129 1788 Μήδῳ,
1168 1739 1228 1776 καὶ
1261 1737 1338 1784 ἅμα
1370 1737 1435 1787 τὴν
1467 1737 1618 1787 ἀνδρίαν

265 1799 335 1833 τιῦν
362 1796 497 1838 αὐτοὺς
523 1796 697 1834 διδόντων
723 1796 901 1847 ᾐσχύνθη.
923 1820 966 1824 —
995 1798 1133 1844 Quodsi
1160 1798 1197 1834 in
1217 1809 1267 1834 or.
1287 1799 1356 1835 XV
1374 1799 1421 1834 40
1447 1798 1616 1843 legimus:

266 1854 357 1901 μετὰ
382 1855 447 1897 τὰς
474 1855 717 1904 περιβοήτους
743 1856 882 1899 ἐκείνας
908 1857 1108 1902 ναυμαχίας
1135 1855 1201 1897 τὰς
1232 1857 1297 1902 μὲν
1324 1855 1463 1905 ἥττους,
1489 1855 1552 1905 τῆν
1578 1857 1618 1894 δὲ

267 1909 289 1962 ᾖ
322 1914 547 1962 προσόμοιον
582 1914 703 1955 οὐδέν,
738 1915 786 1953 δι’
820 1914 861 1963 ἣν
896 1915 916 1963 ἦ
943 1916 1106 1960 Σαλαμὶς
1140 1914 1212 1951 ὑπὸ
1245 1918 1311 1951 τοῦ
1344 1916 1497 1954 Πυθίου
1529 1915 1618 1953 θεία

266 1974 505 2021 προσείρητο,
549 1975 638 2010 haec
680 1974 891 2019 significant
936 1975 1002 2010 illa
1046 1975 1195 2010 oracula
1213 1974 1283 2010 ‘ab
1320 1975 1503 2011 Herodoto
1547 1975 1619 2012 VII

269 2033 463 2068 141--143
489 2033 683 2069 memoriae
711 2034 867 2078 prodita,
896 2034 933 2069 in
959 2034 1090 2077 quibus
1108 2034 1264 2070 Salamis
1290 2034 1410 2070 insula
1437 2045 1460 2070 a
1484 2034 1619 2079 Pythia

266 2095 323 2126 ter
349 2091 575 2135 appellatur:
604 2086 657 2132 „03
683 2092 770 2137 θείη
797 2091 1030 2137 Σαλαμι’ς“3).
1076 2092 1148 2138 (Ex
1174 2092 1301 2127 iisdem
1325 2092 1501 2128 Herodoti
1527 2092 1618 2128 locis

267 2149 500 2195 explicantur
530 2151 644 2186 verba
677 2149 715 2185 in
751 2150 840 2186 decl.
872 2147 978 2195 μετὰ
1010 2148 1059 2186 τὰ
1090 2149 1131 2186 ἐν
1157 2151 1410 2200 Χαιρωνείᾳ
1441 2149 1619 2200 ἑξῄτησε

266 2207 338 2245 τόν
374 2208 667 2256 Δημοσθένην
685 2209 713 2255 4)
753 2209 931 2253 inscripta
996 2210 1069 2244 XX
1105 2211 1125 2255 ξ
1162 2211 1228 2246 19;
1285 2209 1329 2246 ου’
1362 2210 1429 2258 γὰρ
1470 2209 1566 2256 [scil.
1599 2209 1619 2246 ὁ

269 2267 432 2316 Πύθιος]
462 2265 744 2315 συνεβούλευσεν
771 2266 835 2304 ἐπὶ
866 2269 938 2304 τῶν
965 2270 1144 2317 Μηδικῶν
1177 2266 1200 2306 ἂ
1233 2269 1290 2305 δεῖ
1325 2267 1510 2318 πράττειν,
1544 2266 1621 2306 ἀλλ’

369 2367 389 2403 ¹)
412 2343 525 2396 Eadem
547 2368 763 2395 commemorat
784 2366 1016 2395 Themistius
1038 2368 1069 2395 in
1091 2376 1133 2396 or.
1155 2367 1228 2396 XIX
1249 2376 1275 2404 p.
1292 2367 1359 2403 275,
1374 2367 1411 2396 22
1425 2375 1465 2403 sq.

366 2416 388 2453 ²)
411 2415 487 2446 Mus.
504 2415 598 2445 Rhen.
621 2414 740 2444 XXXII
761 2416 807 2444 93.

367 2465 389 2502 ³)
412 2465 457 2495 Cf.
481 2465 578 2494 Plut.
601 2465 704 2493 Them.
724 2465 773 2493 10:
795 2463 841 2494 διὸ
856 2468 906 2493 καὶ
927 2463 980 2501 τήν
994 2468 1154 2504 Σαλαμῖνα
1176 2470 1267 2495 θείαν
1288 2482 1324 2486 -
1346 2468 1448 2494 καλεῖν
1461 2464 1514 2495 τὸν
1534 2464 1619 2496 θεόν.

367 2514 389 2551 ⁴)
411 2514 492 2544 Haec
520 2514 700 2543 declamatio
722 2513 856 2543 fortasse
878 2523 936 2543 non
959 2517 1006 2543 est
1028 2515 1161 2551 Libanii;
1197 2515 1236 2544 cf.
1258 2515 1451 2552 Foerster,
1474 2514 1537 2544 Lib.
1553 2523 1618 2552 opp.

270 2567 289 2590 t⁴
308 2562 349 2590 VI
370 2571 396 2598 p.
414 2563 471 2591 290
483 2572 524 2599 sq.
