1848 2929
783 218 832 253 93

132 337 261 380 Itaque
299 334 408 370 etiam
446 334 662 370 locutionem
699 333 764 383 τὴν
796 337 900 382 χεῖρα
934 332 979 370 ου’
1011 335 1179 382 καθαροῦ
1217 344 1262 369 ex
1296 332 1480 368 Herodoto

134 396 382 441 depromptam
418 403 496 429 esse
529 396 631 439 puto,
666 393 835 438 quoniam
871 393 1152 439 deprehenditur
1184 392 1281 437 apud
1311 391 1480 427 Halicar-

59 472 68 481 .
133 464 300 491 nasseum
338 453 445 498 paulo
484 456 567 498 post
603 453 670 489 illa
708 454 845 499 capita,
885 454 1014 497 quibus
1053 455 1096 489 de
1136 453 1242 498 Gyge
1278 455 1314 487 et
1349 450 1481 487 ceteris

133 513 316 559 Lydorum
352 511 500 557 regibus
525 515 707 557 narratur,
745 513 763 548 I
788 513 853 548 35:
891 510 981 561 ἀνὴρ
1019 512 1191 560 συμφορῇ
1217 508 1387 556 ἐχόμενος
1421 509 1481 545 καὶ

134 570 183 608 οὐ
209 568 407 619 καθαρὸς
432 573 600 619 χεῖρας;
628 571 761 608 dicitur
782 575 901 608 autem
917 571 1051 608 locutio
1070 572 1114 607 de
1140 582 1193 616 eo,
1221 570 1283 614 qui
1301 569 1479 606 hominem

133 630 288 666 necavit.
353 629 544 666 Invenitur
584 631 679 674 apud
717 631 911 666 Libanium
958 631 1068 666 etiam
1111 630 1148 665 in
1192 629 1281 665 decl.
1314 628 1387 665 VH
1413 629 1479 663 24:

134 687 334 738 ἄνθρωπος
360 687 400 726 δὲ
430 687 503 737 τὴν
528 691 653 737 χεῖρα
679 687 727 725 οὗ
751 687 949 737 καθαριὶς
980 687 1085 737 ἱερῶν
1110 689 1266 737 εἴργεται
1293 686 1413 733 νόμων
1444 690 1481 723 et

133 749 203 785 vol.
231 748 284 785 IV
309 749 391 792 646,
414 749 458 783 15
484 748 654 784 similiter
679 749 829 784 dieitur:
866 747 946 784 ἐπεὶ
971 750 1031 785 καὶ
1062 746 1123 784 τόν
1149 745 1376 795 ἀνδροφόνον
1401 747 1479 794 κρί-

134 820 208 843 νειν
239 804 393 852 ἔξεστιν,
428 804 507 843 ἀλλ’
534 805 578 842 οῦ
609 805 671 843 τόν
705 819 743 853 γε
775 805 840 855 τὴν
872 809 996 855 χεῖρα
1029 804 1223 854 καθαρόν
1255 803 1370 850 ἄξιον.
1422 804 1478 841 Of.

133 866 376 910 Platonem,
424 866 486 909 qui
524 867 731 911 genetivum
769 865 883 913 φόνου
921 866 1036 902 adicit
1073 866 1111 901 in
1153 866 1223 911 leg.
1250 865 1306 901 IX
1332 866 1404 901 864
1427 865 1478 900 E:

134 922 229 972 πλὴν
255 922 299 959 ἂν
321 922 394 971 ἄρα
410 922 490 960 τινὰ
508 922 726 966 ἀποκτείνας
751 924 807 972 μὴ
832 923 1028 972 καθαρὸς
1051 923 1127 964 τὰς
1152 927 1301 972 χεῖρας
1326 922 1478 972 φόνου,

134 986 170 1019 et
199 983 375 1019 Lucian.
404 984 447 1019 de
473 983 598 1020 sacrif.
621 984 675 1019 13.

259 1101 296 1137 G.
329 1101 389 1136 De
422 1101 601 1137 vocibus
633 1112 656 1136 a
686 1101 1092 1146 praepositionibus
1123 1100 1356 1145 suspensis.

232 1179 306 1216 ἐπὶ
342 1181 475 1228 ξυροῦ
510 1178 656 1228 ἀκμῆς.
708 1180 808 1226 Quae
844 1181 940 1225 apud
972 1180 1193 1216 Herodotum
1229 1183 1312 1216 sunt
1345 1180 1396 1217 VI
1416 1181 1475 1215 11:

136 1238 208 1274 ἐπὶ
239 1241 371 1287 ξυροῦ
405 1260 450 1265 -
484 1237 619 1287 ἀκμῆς
657 1237 778 1282 ἔχεται
806 1237 890 1286 ἡμῖν
922 1237 972 1274 τὰ
1002 1237 1229 1287 πρήγματα
1264 1240 1316 1283 (in
1344 1250 1478 1274 summo

136 1298 335 1333 discrimine
350 1310 465 1334 rerum
484 1298 634 1343 sumus),
662 1308 706 1346 ea
723 1297 900 1333 Libanius
917 1297 1083 1333 imitatur
1109 1297 1146 1332 in
1164 1297 1252 1332 decl.
1267 1298 1299 1334 V
1319 1298 1379 1333 73:
1407 1296 1478 1332 ἐπὶ

137 1356 268 1405 ξυροῦ
302 1355 342 1394 δὲ
374 1354 510 1404 ἀκμῆς
542 1354 592 1392 τὰ
622 1355 851 1405 πράγματα
882 1354 1073 1398 ἑστάναι,
1112 1355 1150 1391 id
1176 1356 1270 1400 quod
1300 1366 1344 1391 ex
1370 1366 1413 1391 ea
1437 1366 1477 1391 re

135 1416 376 1461 cognoscitur,
404 1417 498 1460 quod
524 1417 568 1452 ab
588 1419 739 1460 utroque
761 1415 1028 1452 substantivum
1054 1413 1250 1463 πράγματα
1276 1415 1476 1451 adhibetur.

136 1474 289 1510 Videtur
313 1475 448 1510 locutio
476 1475 653 1519 originem
680 1476 810 1510 ducere
836 1486 881 1510 ex
906 1470 1106 1518 Homero;
1141 1474 1295 1518 legimus
1320 1474 1415 1510 enim
1441 1475 1479 1509 in

136 1533 242 1569 Iliad.
275 1533 312 1569 X
340 1535 427 1570 173:
480 1534 544 1569 νῦν
585 1532 652 1582 γὰρ
692 1531 738 1582 δὴ
779 1532 975 1570 πάντεσσιν
1017 1532 1090 1570 ἐπὶ
1132 1532 1264 1581 ξυροῦ
1304 1530 1477 1569 ἵσταται

136 1590 272 1640 ἀκμῆς
299 1590 320 1639 ἢ
344 1591 442 1637 μάλα
468 1591 597 1640 λυγρὸς
623 1591 780 1640 ὄλεθρος
795 1591 962 1636 Ἀχαιοῖς
986 1591 1027 1640 ἠὲ
1051 1594 1198 1638 βιῶναι;
1226 1593 1272 1627 ef.
1296 1592 1476 1636 Theogn.

135 1650 225 1686 557:
252 1649 418 1692 κίνδυνός
441 1663 499 1686 τοι
525 1649 598 1687 ἐπὶ
624 1652 756 1699 ξυροῦ
780 1649 957 1687 ἵσταται
985 1648 1131 1698 ἀκμῆς.

232 1708 295 1750 εἷς
320 1708 366 1746 τὸ
392 1707 573 1753 ἔσχατον
598 1710 740 1746 κακοῦ.
782 1710 889 1745 Hanc
906 1709 1134 1754 locutionem,
1159 1710 1260 1746 euius
1278 1709 1477 1753 exemplum

137 1771 258 1805 exstat
304 1769 399 1813 apud
438 1769 661 1805 Herodotum
706 1766 799 1806 VIII
824 1769 892 1804 52:
948 1767 1080 1817 καίπερ
1122 1767 1165 1809 ἐς
1207 1766 1248 1804 τί
1298 1766 1477 1812 ἔσχατον

135 1829 266 1863 κακοῦ
298 1825 494 1873 ἀπιγμένοι
527 1828 753 1873 (quamquam
788 1829 834 1864 ad
864 1828 1024 1864 ultimum
1052 1828 1201 1873 periculi
1226 1828 1476 1873 pervenerant),

135 1886 314 1922 Libanius
344 1886 447 1922 illum
481 1890 625 1923 secutus
658 1887 807 1923 adhibet
844 1886 883 1922 in
916 1887 1004 1923 decl.
1029 1887 1082 1922 IV
1100 1887 1166 1923 63:
1205 1884 1250 1922 τὰ
1283 1884 1477 1934 πράγματα

136 1943 222 1992 ἡμῖν
253 1944 317 1985 εἰς
342 1943 525 1989 ἔσχατον
556 1944 751 1994 προβαίνει
781 1947 924 1981 κακοῦ.
975 1946 1170 1981 Rhetorem
1201 1949 1237 1981 et
1261 1945 1353 1980 hanc
1378 1945 1474 1980 locu-

134 2003 269 2040 tionem
303 2004 585 2041 Halicarnasseo
619 2005 749 2041 debere
780 2016 825 2040 ex
858 2015 902 2040 ea
934 2015 974 2040 re
1007 2008 1170 2049 apparet,
1205 2004 1298 2048 quod
1329 2004 1478 2040 verbum

136 2061 322 2106 singulare
355 2062 558 2110 πυρπολεῖν
569 2061 595 2108 ¹)
637 2063 683 2098 ab
722 2062 907 2098 Herodoto
947 2062 1055 2106 paulo
1100 2065 1183 2097 ante
1218 2062 1319 2096 illum
1361 2061 1479 2096 locum

136 2120 228 2157 VIII
253 2120 301 2156 50
345 2120 547 2156 adhibitum
590 2131 613 2156 a
652 2121 811 2157 Libanio
859 2120 1038 2166 repetitur
1082 2121 1190 2165 paulo
1244 2123 1325 2164 post
1372 2119 1392 2165 ξ
1418 2120 1477 2155 64.

135 2178 269 2214 Exstat
293 2179 428 2214 locutio
454 2180 551 2223 apud
567 2179 790 2215 Herodotum
816 2180 926 2215 etiam
952 2179 971 2214 I
989 2180 1053 2215 22:
1080 2177 1141 2215 τόν
1166 2177 1254 2215 λεών
1278 2178 1478 2224 τετρῦσθαι

136 2234 179 2278 ἐς
203 2235 251 2274 τό
276 2235 455 2282 ἔσχατον
479 2237 618 2274 κακοῦ.

234 2297 366 2343 *περὶ
397 2294 562 2339 λύχνων
591 2294 708 2344 ἁφάς
746 2297 853 2342 (noete
884 2301 1085 2341 appetente),
1125 2306 1230 2339 quam
1262 2295 1478 2330 locutionem

135 2353 340 2389 Herodotus
371 2354 522 2399 praebet
554 2353 626 2390 VII
652 2353 741 2390 215:
786 2352 944 2403 ὁρμέατο
977 2354 1076 2402 περὶ
1109 2352 1270 2396 λύχνων
1300 2350 1416 2400 ἁφὰς
1442 2351 1481 2388 ἐκ

135 2412 202 2448 τοῦ
237 2412 486 2461 στρατοπέδου
527 2413 694 2459 (profecti
732 2418 812 2450 sunt
850 2418 944 2451 noete
982 2417 1152 2460 appetente
1186 2424 1228 2448 ex
1262 2413 1422 2458 eastris),
1458 2424 1482 2449 a

237 2520 258 2557 ¹)
280 2519 357 2549 Vide
377 2528 446 2557 pag.
468 2519 507 2550 59
519 2528 560 2557 sq.
