1848 2929
883 203 931 237 46

230 319 344 353 chena
362 318 530 354 laudibus
557 319 712 354 efferens
731 318 821 353 dicit
844 319 951 354 haec:
979 317 1090 353 πλέον
1115 332 1150 353 τι
1179 317 1267 365 παρ’
1294 317 1378 365 ἡμῖν
1403 320 1469 353 τοῦ
1495 315 1583 365 παρ’

231 375 425 425 Αἰθίοψιν
451 375 578 426 ὁρᾶται
606 375 760 423 κόμπου.
796 375 831 414 οἱ
853 376 921 422 μὲν
946 375 1012 425 γὰρ
1040 374 1082 425 ἢν
1098 375 1190 414 ‘HM
1196 390 1244 413 ov
1269 375 1457 426 κεκλήκασι
1481 374 1582 425 τρά-

230 436 363 480 πεζαν
388 435 528 484 πλήρη
555 439 688 483 κρειῦν
714 435 877 478 ἀνιόντος
902 438 968 472 τοῦ
994 438 1087 472 θεοῦ
1112 436 1334 483 παρέχονται
1364 437 1424 472 καὶ
1449 435 1490 472 τὸ
1515 435 1582 481 μὲν

230 492 334 542 ἔργον
369 493 446 530 ἐστὶ
480 496 562 530 τῶν
593 494 635 530 ἐν
659 493 774 531 τέλει
810 492 937 536 νυκτός
969 493 1019 531 τὰ
1050 493 1151 543 κρέα
1181 494 1397 532 τιθέντων
1430 493 1493 532 ἐπὶ
1519 492 1583 543 τὴν

229 552 432 600 τράπεζαν,
468 565 559 597 quae
587 555 770 590 Herodoto
803 555 927 590 deberi
961 566 1005 589 ex
1031 556 1223 590 verborum
1257 554 1496 590 similitudine
1527 554 1582 588 in-

229 612 435 656 tellegitur;
482 612 611 648 scribit
652 612 746 647 enim
788 612 1093 648 Halicarnasseus
1135 612 1193 648 III
1223 613 1285 649 18:
1337 610 1471 657 λειμών
1505 609 1582 648 ἐστι

231 670 268 707 ἐν
298 673 350 718 τῷ
381 671 589 720 προαστείῳ
624 670 835 714 ἐπίπλεος
860 674 993 720 κρεῶν
1027 671 1158 720 ἑφθῶν
1185 670 1330 709 πάντων
1360 673 1432 707 τῶν
1457 684 1582 718 τετρα-

230 729 367 772 πόδων,
394 730 437 770 ἐς
462 729 534 766 τὸν
559 729 624 771 τοῖς
648 729 715 775 μὲν
741 730 869 772 νύκτας
894 729 1178 778 ἐπιτηδεύοντας
1207 729 1384 768 τιθέναι
1410 728 1460 764 τὰ
1486 728 1582 777 κρέα

230 787 331 830 τούς
357 788 400 824 ἐν
425 787 543 825 τέλεϊ
572 787 744 830 ἑκάστους
771 788 897 831 ἐόντας
922 791 994 825 τῶν
1020 787 1151 832 α’στιῦν,
1183 787 1249 830 τὰς
1275 787 1315 826 δὲ
1341 787 1479 837 ἡμέρας
1505 786 1583 825 δαί-

231 851 368 884 νυσθαι
396 846 598 895 προσιόντα
623 847 686 883 τὸν
703 846 935 894 βουλόμενον.
956 870 1001 873 ---
1028 849 1129 894 Quae
1146 849 1271 885 rhetor
1287 848 1326 884 in
1343 859 1394 883 or.
1409 847 1498 883 LIX
1513 847 1582 882 137

230 906 390 950 profert:
430 905 631 953 “Ηρόδοτος
664 905 731 950 μὲν
765 902 829 941 οὖν
863 905 882 941 ὁ
917 906 1033 942 πλείω
1066 907 1138 941 τοῖν
1171 905 1372 952 ἀναγκαίων
1405 903 1583 953 ἐξητακὼς

231 962 432 1013 διαρρήδην
464 962 678 1010 διαμάχεται
710 962 760 1013 μὴ
787 959 878 1002 εἶναι
910 962 973 1001 τόν
999 963 1255 1013 πολυύμνητον
1280 962 1462 1006 Ὠκεανόν,
1493 963 1584 1000 haec

231 1024 277 1058 ad
312 1024 489 1059 Herodoti
526 1026 639 1059 verba
678 1024 716 1058 II
743 1025 789 1059 23
826 1024 1028 1068 pertinent:
1069 1023 1088 1059 ὁ
1122 1023 1162 1060 δὲ
1194 1024 1279 1072 περὶ
1314 1024 1380 1059 τοῦ
1414 1021 1584 1058 Ὠκεανοῦ

231 1080 339 1125 λέξας
368 1081 406 1121 ἐς
431 1080 570 1130 ἀφανὲς
600 1080 663 1117 τόν
688 1084 811 1127 μῦθον
841 1080 1027 1123 οἷνενείκας
1058 1081 1122 1118 οὐκ
1153 1081 1225 1126 ἔχει
1259 1081 1418 1128 ἔλεγχον·
1446 1080 1490 1117 οὐ
1515 1079 1583 1128 γάρ

231 1153 314 1176 τινα
339 1138 446 1187 ἔγωγε
473 1136 557 1178 οἶδα
584 1139 751 1186 ποταμὸν
776 1139 941 1178 Ὠκεανὸν
967 1139 1083 1183 ε’όντα,
1109 1139 1268 1190 Ὅμηρον
1294 1140 1334 1177 δὲ
1361 1139 1382 1189 ἢ
1407 1154 1488 1177 τινα
1512 1141 1584 1175 τῶν

232 1198 411 1246 πρότερον
443 1199 643 1245 γενομένων
674 1199 856 1247 ποιητέων
882 1200 995 1235 δοκέω
1026 1199 1068 1235 τό
1095 1199 1233 1244 οὕνομα
1264 1198 1416 1247 εὑρόντα
1451 1198 1488 1240 ἐς
1519 1197 1583 1246 τήν

233 1258 383 1306 ποίησιν
409 1257 675 1294 ἐσενείκασθαι.
696 1280 741 1283 -
769 1259 964 1294 Libanium
985 1259 1021 1294 in
1040 1269 1090 1294 or.
1106 1259 1162 1294 XI
1181 1259 1251 1295 262
1275 1259 1469 1294 dicentem:
1497 1255 1582 1293 οὐδὲ

232 1315 298 1365 γάρ
332 1315 373 1353 τὸ
407 1315 498 1362 μετὰ
530 1315 595 1364 τήν
626 1317 733 1354 πόλιν
767 1316 820 1357 εἰς
852 1317 1040 1354 θάλατταν
1070 1317 1153 1365 ῥέον
1183 1317 1321 1364 ἄπορον
1352 1317 1479 1352 ναυσὶν
1509 1315 1582 1352 ὑπὸ

232 1378 305 1411 τῶν
331 1377 474 1424 πετρῶν
499 1375 740 1423 καθέστηκεν,
773 1374 793 1417 ,ὃ
820 1374 863 1424 δή
889 1377 948 1412 καὶ
974 1377 1041 1412 τοῦ
1068 1376 1203 1415 Νείλου
1234 1375 1279 1411 τὰ
1305 1374 1422 1411 πολλὰ
1448 1373 1582 1411 πέπον-

232 1439 300 1471 θεν
334 1438 470 1471 certum
506 1439 561 1472 est
592 1439 757 1480 spectare
784 1437 830 1472 ad
865 1447 917 1481 ea,
953 1447 1044 1480 quae
1069 1436 1274 1473 Herodotus
1308 1430 1422 1472 tradit
1454 1435 1492 1471 II
1519 1435 1580 1471 29;

231 1493 403 1530 σκόπελοί
429 1507 468 1529 τε
486 1492 552 1541 γὰρ
580 1493 617 1529 ἐν
633 1495 686 1540 τῷ
705 1494 825 1540 Νείλῳ
853 1493 954 1538 ὀξέες
980 1493 1153 1538 ἀνέχουσι
1173 1495 1233 1530 καὶ
1258 1492 1428 1542 χοιράδες
1446 1494 1581 1540 πολλαί

232 1551 315 1593 εἶσι,
350 1550 400 1589 δι’
425 1546 474 1588 ὧν
499 1550 566 1588 οὐκ
597 1548 658 1588 οἷά
688 1551 727 1588 τέ
758 1551 835 1588 ἐστι
863 1551 1003 1595 πλέειν,
1038 1563 1117 1589 cum
1143 1553 1274 1590 Strabo
1309 1552 1406 1598 (pag.
1427 1552 1511 1599 788)
1547 1555 1583 1588 et

231 1612 406 1656 Iosephus
433 1611 539 1657 (Bell.
560 1612 636 1647 Iud.
657 1613 709 1648 IV
728 1612 814 1657 611)
841 1612 965 1648 Nilum
996 1612 1034 1647 in
1065 1612 1235 1648 universo
1271 1612 1432 1656 navigiis
1458 1614 1582 1655 aptum

232 1680 311 1706 esse
336 1673 473 1715 putent.
506 1691 551 1695 —-
587 1670 688 1716 Quae
714 1670 752 1705 in
778 1670 849 1707 vol.
877 1670 930 1706 VI
956 1670 1045 1706 decl,
1074 1670 1169 1706 XIII
1195 1670 1281 1716 §54
1307 1670 1432 1706 rhetor
1456 1668 1583 1706 Corin-

231 1729 328 1765 thios
354 1729 542 1773 loquentes
570 1730 725 1765 inducit:
759 1728 867 1766 Ἀλλὰ
892 1730 952 1766 καὶ
983 1730 1137 1766 κλαῦσαί
1169 1743 1258 1765 ποτε
1285 1728 1454 1776 Μίλητον
1480 1722 1581 1764 οὗτοι

233 1788 328 1834 (scil.
356 1786 391 1823 οἱ
408 1790 611 1835 Αθηναῖοι)
638 1787 780 1833 λέγουσι
808 1788 867 1824 καὶ
893 1787 956 1836 τήν
982 1788 1046 1824 ἐπὶ
1079 1789 1123 1835 τῇ
1157 1787 1351 1836 πολιορκίᾳ
1380 1786 1584 1835 τραγῳδίαν

233 1846 406 1892 ἐκβαλεῖν.
458 1846 494 1881 τί
527 1847 693 1882 τοιοῦτον
725 1845 746 1894 ἢ
774 1849 934 1894 Δαρεῖος
973 1846 1167 1893 ἐτόλμησεν
1200 1845 1220 1894 ἢ
1249 1846 1462 1894 Φρύνιχος
1500 1845 1600 1882 ε’δί-’

233 1905 381 1948 δαξενς
424 1902 584 1945 ἅλωσις
617 1900 657 1951 ἦν
691 1903 895 1951 Μιλήτου
926 1905 985 1940 καὶ
1021 1903 1040 1939 ό
1076 1903 1235 1949 πόλεμος
1270 1905 1331 1940 καὶ
1366 1903 1406 1940 τὸ
1443 1905 1583 1952 δρᾶμα

232 1965 318 2005 κτλ.,
357 1963 446 1999 haec
481 1963 666 1999 Herodoto
698 1962 822 2000 deberi
857 1966 1006 2008 propter
1044 1973 1217 2000 summam
1255 1963 1415 2000 locorum
1454 1962 1583 1999 simili-

232 2018 392 2058 tudinem
427 2023 527 2058 nullo
554 2024 657 2058 modo
693 2023 820 2067 negari
852 2026 982 2066 potest.
1035 2023 1207 2066 Legimus
1242 2023 1336 2058 enim
1370 2023 1465 2066 apud
1495 2023 1581 2057 Her.

232 2081 285 2118 VI
311 2082 375 2117 21:
420 2079 615 2129 Ἀθηναῖοι
653 2079 721 2126 μὲν
762 2078 828 2130 γὰρ
874 2081 983 2129 δῆλον
1021 2079 1198 2130 ἐποίησαν
1238 2078 1584 2129 ὑπεραχθεσθέντες

231 2143 276 2189 τῇ
302 2140 475 2189 Μιλήτου
507 2139 622 2178 ἁλώσι
656 2143 700 2189 τῇ
733 2155 772 2178 τε
798 2139 889 2188 ἄλλῃ
924 2141 1104 2188 πολλαχῇ,
1138 2142 1197 2178 καὶ
1232 2139 1276 2188 δὴ
1306 2140 1365 2176 καὶ
1391 2139 1583 2188 ποιήσαντι

236 2199 432 2247 Φρυνίχῳ
459 2200 602 2246 δρᾶμα
627 2199 829 2247 Μιλήτου
855 2198 1016 2235 ἅλωσιν
1041 2199 1102 2235 καὶ
1129 2193 1356 2244 διδάξαντι
1383 2197 1421 2240 ἐς
1446 2196 1584 2247 δάκρυά

232 2272 271 2294 τε
297 2256 404 2294 ε”πεσε
430 2256 471 2294 τὸ
497 2257 671 2307 θέητρον,
698 2259 758 2294 καὶ
785 2257 991 2307 ἐζημίωσάν
1016 2273 1082 2304 μιν
1113 2257 1162 2300 οἷς
1188 2256 1440 2306 ἀναμνήσαντα
1463 2256 1584 2306 οἰκήια

232 2316 321 2353 κακὰ
347 2316 484 2364 χιλίῃσι
511 2318 706 2365 δραχμῇσι,
738 2318 798 2352 καὶ
825 2317 1003 2362 ἐπέταξαν
1028 2317 1166 2365 μηδένα
1197 2318 1361 2364 χρᾶσθαι
1389 2316 1505 2362 τούτῳ
1532 2318 1584 2363 τῷ

234 2373 405 2423 δράματι.
448 2376 506 2411 Ad
532 2376 655 2411 eadem
682 2376 807 2411 rhetor
832 2375 965 2412 alludit
995 2376 1033 2411 in
1060 2376 1149 2412 decl.
1168 2376 1261 2412 XIX
1287 2375 1388 2421 §261
1415 2376 1475 2411 καὶ
1501 2388 1584 2411 ποι-

237 2433 313 2480 ήσει
349 2436 456 2470 τοῦτο
489 2433 584 2482 πρὸς
618 2433 682 2480 ἐμὲ
716 2432 737 2470 ὃ
763 2456 808 2460 -
835 2433 881 2469 τὸ
916 2434 1132 2483 Φρυνίχου
1166 2435 1263 2482 (scil.
1291 2435 1471 2482 δρᾶμα),
1509 2432 1583 2482 τὴν

237 2492 432 2540 Μίλητον
466 2498 502 2529 et
535 2494 624 2530 decl.
652 2494 741 2531 XIV
769 2494 789 2539 ξ
817 2494 881 2529 22;
922 2492 964 2530 τό
998 2493 1038 2530 δὲ
1069 2492 1123 2530 ἔτι
1159 2493 1285 2539 μεῖζον
1320 2490 1482 2535 ἅλωσις
1517 2493 1584 2539 μὲν
