1848 2929
953 196 1001 233 68

298 314 499 350 constituta
530 314 615 359 sint,
650 317 749 350 certo
783 324 827 349 ac
857 313 1064 350 necessario
1097 313 1177 349 fieri
1212 313 1366 357 indicet;
1402 317 1439 349 et
1471 313 1651 358 imprimis

299 373 418 408 forma
453 372 661 417 imperfecti
697 370 772 408 ε’ὃει
809 375 959 415 uterque
998 371 1122 408 utitur.
1176 372 1295 416 Atque
1332 375 1372 407 ut
1409 371 1496 416 quid
1532 371 1650 407 dicam

300 431 448 467 facilius
475 434 725 476 cognoscatur,
754 431 919 475 exempla
945 431 1107 467 afferam.
1152 431 1357 467 Herodotus
1383 430 1474 467 dicit
1498 430 1537 466 II
1565 431 1651 466 161:

298 489 394 526 ἐπεὶ
438 489 485 526 δέ
527 488 569 525 οἱ
602 488 694 526 ἔδεε
736 490 875 528 κακῶς
907 488 1112 534 γενέσθαι
1152 493 1188 525 et
1226 489 1278 526 IV
1305 490 1370 524 79:
1414 487 1564 525 ἐπείτε
1606 487 1652 525 δὲ

298 547 391 586 ἔδεέ
435 547 476 584 οἱ
511 548 648 589 κακῶς
690 546 900 594 γενέσθαι
945 551 983 584 et
1019 547 1076 583 IX
1104 547 1190 584 109:
1230 548 1280 596 τῇ
1320 546 1365 585 δὲ
1405 547 1541 589 κακῶς
1575 544 1651 594 γὰρ

298 606 392 644 ἔδεε
423 606 631 654 πανοικίῃ
656 606 914 652 γενέσθαιῑ),
948 617 1040 650 quae
1066 607 1244 642 Libanius
1269 605 1405 651 repetit
1437 606 1476 641 in
1501 606 1572 642 vol.
1599 606 1652 643 IV

301 665 458 711 136‚20:
487 664 583 701 ἐπεὶ
609 662 643 701 δ’
662 662 752 702 ἔδει
778 665 853 710 μοί
878 678 984 701 ποτε
1011 664 1218 711 γενέσθαι
1242 665 1394 707 κακῶς,
1419 664 1494 700 h.e.
1521 664 1652 700 latine:

298 725 464 770 quoniam
485 724 603 769 fatali
627 725 826 760 necessitate
851 727 926 760 erat
951 724 1180 767 constitutum,
1214 728 1252 760 ut
1277 725 1316 760 in
1341 724 1572 760 calamitatem
1596 724 1652 759 in—

298 785 452 820 ciderem.
488 783 711 829 Quibuscum
734 783 904 819 conferas
922 793 1014 827 quae
1039 783 1163 819 rhetor
1180 783 1270 819 dicit
1291 783 1331 818 in
1348 793 1398 818 or.
1414 782 1543 818 XVIII
1561 782 1650 818 298:

299 839 451 891 ἐπειδὴ
478 844 614 883 κακῶς
644 840 723 887 μὲν
754 839 843 879 ἔδει
869 840 1005 890 ταύτῃ
1030 840 1236 887 γενέσθαι
1272 845 1309 878 et
1342 841 1380 878 in
1414 851 1464 878 or.
1483 841 1560 878 XII
1585 842 1650 878 84:

298 903 369 938 τῶν
395 900 428 939 δ’
445 900 615 950 ὑπηκόων
641 899 765 941 ὅσοις
790 899 881 938 ἔδει
906 901 1116 947 γενέσθαι
1142 902 1289 940 κακῶς.
1338 901 1409 937 Sed
1435 901 1546 936 etiam
1572 911 1652 936 cum

299 961 385 998 aliis
419 961 542 998 verbis
576 960 636 997 vel
667 960 911 997 locutionibus
945 960 1178 1005 coniungitur
1211 958 1463 1005 imperfectum
1496 957 1572 998 ε”δει
1604 961 1650 996 ab

300 1025 453 1064 utroque
470 1020 572 1057 velut
597 1021 693 1065 apud
710 1020 797 1055 Her.
818 1020 848 1054 V
864 1020 910 1055 92
925 1020 947 1055 ὃ
958 1032 964 1054 ;
992 1017 1085 1056 ἔδεε
1110 1018 1151 1054 δὲ
1178 1018 1216 1054 ἐκ
1240 1020 1307 1055 τοῦ
1323 1016 1519 1059 Ἠετίωνος
1546 1018 1652 1065 γόνου

300 1078 477 1127 Κορίνθῳ
512 1075 601 1114 κακὰ
634 1076 875 1124 ἀναβλαστεῖν
909 1081 945 1113 et
978 1078 1009 1114 V
1035 1078 1106 1113 33:
1148 1075 1192 1113 οὐ
1226 1075 1292 1126 γὰρ
1327 1075 1419 1114 ε”δεε
1451 1075 1568 1125 τούτῳ
1600 1078 1652 1124 τῷ

300 1137 416 1183 στόλῳ
446 1137 609 1181 Ναξίους
644 1135 853 1172 ἀπολέσθαι
890 1141 926 1172 et
951 1137 1003 1172 VI
1029 1137 1095 1171 64:
1128 1135 1216 1173 ἔδει
1244 1135 1295 1178 δέ,
1330 1135 1380 1176 ὠς
1405 1135 1532 1178 ἔοικεν,
1567 1134 1652 1173 α’νά-

299 1209 420 1232 πυστα
447 1194 615 1242 γενόμενα
646 1195 761 1231 ταῦτα
787 1197 1017 1231 καταπαῦσαι
1047 1193 1268 1242 Δημάρητον
1297 1196 1362 1243 τῆς
1387 1195 1582 1243 βασιληίης
1615 1197 1652 1231 et

299 1256 352 1294 VI
378 1256 465 1292 135:
510 1257 602 1293 δεῖν
645 1252 712 1302 γὰρ
756 1252 967 1292 Μιλτιάδεα
1005 1254 1174 1291 τελευτᾶν
1215 1252 1265 1302 μή
1308 1249 1349 1291 εὖ
1391 1258 1427 1290 et
1468 1254 1561 1292 VIII
1585 1254 1648 1291 53:

299 1314 389 1352 ε”δει
425 1313 492 1363 γὰρ
528 1312 619 1351 κατὰ
648 1312 689 1350 τό
716 1313 948 1362 θεοπρόπιον
984 1315 1106 1349 πᾶσαν
1140 1312 1205 1362 τῆν
1237 1311 1398 1362 Ἀττικὴν
1432 1311 1497 1362 τὴν
1534 1312 1571 1349 ἒν
1606 1314 1651 1362 τῇ

302 1373 439 1423 ἠπείρῳ
465 1373 637 1420 γενέσθαι
664 1371 737 1410 ὐπὸ
765 1372 952 1420 Πέρσῃσιν
987 1377 1022 1409 et
1055 1373 1093 1408 in
1124 1373 1254 1409 Liban.
1280 1384 1330 1409 or.
1357 1373 1433 1408 XII
1460 1373 1525 1409 45:
1561 1371 1651 1409 α’λλὰ

299 1432 367 1481 γὰρ
394 1431 483 1468 ἔδει
511 1433 572 1468 καὶ
598 1430 767 1478 τό·ν”Λρη
794 1431 951 1478 λυθῆναί
976 1444 1065 1466 ποτε
1091 1431 1150 1467 καὶ
1175 1432 1304 1468 τοῦτον
1330 1431 1422 1466 etin
1441 1442 1491 1467 or.
1500 1428 1651 1467 XXXII

302 1493 366 1528 12:
394 1489 483 1528 ἔδει
512 1489 556 1528 δὲ
582 1488 703 1535 αὐτὸν,
731 1488 786 1531 ὠς
811 1488 951 1526 ε’ὀικεν
977 1489 1086 1535 (quod
1109 1490 1278 1526 conferas
1304 1500 1383 1526 eum
1410 1490 1496 1526 Her.
1516 1489 1569 1526 VI
1586 1490 1649 1525 64:

301 1550 390 1587 ἔδει
418 1550 480 1592 δέ,
507 1549 563 1590 οἷς
589 1548 749 1591 ἔοικεν)
784 1553 820 1584 et
854 1549 891 1584 in
918 1560 968 1584 or.
997 1549 1086 1584 LIX
1114 1550 1182 1584 131
1211 1553 1247 1584 et
1272 1549 1311 1585 in
1336 1549 1407 1585 vol.
1434 1549 1487 1585 IV
1513 1549 1596 1594 645,
1615 1549 1649 1585 8.

300 1611 383 1655 930,
396 1611 429 1645 9.
457 1610 597 1654 941‚13
616 1609 649 1644 R
676 1612 712 1644 et
737 1609 775 1644 in
802 1619 856 1653 ep.
876 1608 979 1644 1025.
1033 1608 1090 1643 Ex
1117 1607 1248 1643 ceteris
1274 1607 1514 1653 scriptoribus
1540 1608 1650 1643 'Phu-

300 1669 478 1715 cydides
504 1668 614 1713 solus,
642 1671 815 1712 quantum
841 1667 928 1712 seio,
961 1678 1031 1703 uno
1057 1667 1137 1703 loeo
1164 1667 1231 1703 hoe
1257 1669 1407 1704 verbum
1433 1667 1557 1703 eadem
1583 1667 1651 1703 illa

299 1728 444 1764 notione
479 1726 647 1763 adhibuit
679 1727 712 1762 V
739 1727 796 1771 26,
816 1727 854 1761 4:
890 1724 947 1762 ἀεὶ
980 1723 1047 1775 γὰρ
1081 1724 1189 1772 ἔγωγε
1214 1724 1413 1774 μέμνημαι,
1447 1727 1508 1763 καὶ
1542 1724 1650 1775 οἶρχο-

298 1786 410 1832 μένου
435 1787 502 1822 τοῦ
526 1785 689 1830 πολέμου
721 1786 781 1821 καὶ
812 1784 919 1832 μέχρι
951 1779 994 1821 οὗ
1020 1783 1244 1832 ἐτελεύτησε,
1277 1784 1552 1833 προφερόμενον
1576 1783 1651 1821 ὑπό

298 1845 453 1886 πολλῶν,
481 1843 538 1880 ὅτι
563 1844 644 1891 τρὶς
670 1843 772 1880 ἐννέα
798 1841 861 1890 ἔτη
887 1842 979 1879 δέοι
1006 1841 1178 1889 γενέσθαι
1204 1841 1324 1879 αὐτόν.

398 1906 415 1926 *
431 1902 695 1950 ἐγχαλινοῦν.
747 1903 953 1939 Herodotus
979 1902 1038 1938 III
1066 1903 1111 1938 14
1146 1902 1261 1939 filium
1286 1903 1523 1939 Psammeniti
1555 1903 1649 1939 eius-

299 1975 368 2007 que
407 1963 578 2006 aequales
617 1963 712 2006 apud
738 1962 870 1997 Persas
906 1961 1073 2005 captivos
1114 1961 1276 1996 nominat
1312 1959 1358 1996 τά
1397 1960 1559 2006 στόματα
1585 1961 1649 2007 ἑγ-

299 2019 689 2066 κεχαλινωμένους,
726 2019 896 2064 quoniam
924 2019 1096 2055 similiter
1122 2022 1230 2063 atque
1262 2019 1344 2064 equi
1375 2023 1478 2056 erant
1514 2019 1649 2056 frenati

299 2081 346 2127 (h.
367 2092 396 2116 e.
425 2092 490 2116 ora
521 2091 643 2116 eorum
675 2079 801 2115 clausa
833 2079 961 2124 erant).
1014 2078 1093 2114 Hoc
1119 2078 1297 2114 Libanius
1317 2079 1462 2124 repetit
1494 2079 1532 2115 in
1558 2079 1648 2115 decl.

298 2140 337 2175 II
365 2140 429 2174 17:
464 2140 653 2185 περιμενεῖ
682 2137 775 2182 (scil.
812 2135 831 2171 ό
865 2135 1075 2183 Σωκράτης)
1110 2134 1151 2172 τὸ
1184 2135 1331 2172 κώνειον
1369 2136 1649 2183 ἐγκεχαλινω-

299 2198 432 2244 μένος.
485 2197 707 2233 Herodotum
734 2195 850 2241 igitur
876 2198 1020 2231 secutus
1045 2195 1223 2232 Libanius
1255 2196 1322 2232 hoc
1345 2196 1580 2242 participium
1607 2197 1650 2233 de

298 2258 346 2293 iis
377 2257 537 2301 adhibet,
572 2255 634 2299 qui
668 2256 715 2290 ad
748 2258 899 2290 mortem
934 2255 1120 2289 ducuntur.
1173 2254 1434 2300 (Metaphorice
1461 2259 1581 2291 exstat
1609 2255 1649 2291 in

297 2315 553 2353 Demosthenis
599 2314 771 2359 apologia
782 2313 808 2360 ²)
856 2313 945 2349 decl.
978 2313 1110 2349 XXIII
1136 2314 1204 2349 49:
1262 2316 1343 2356 ταῖς
1380 2312 1539 2363 μνήμαις
1576 2316 1649 2351 τῶν

399 2444 419 2480 ¹)
441 2442 558 2472 Similia
579 2442 654 2471 dicit
675 2441 690 2470 I
710 2442 745 2471 8:
775 2440 873 2480 χρῆν
893 2438 953 2479 γάρ
975 2439 1134 2479 Κανδαύλῃ
1154 2444 1338 2479 γενέσθαι
1360 2440 1485 2474 κακῶς.

398 2492 419 2527 ²)
441 2491 518 2519 Vide
538 2499 606 2527 pag.
622 2491 660 2519 56
682 2498 704 2519 s.
721 2499 747 2518 v.
771 2488 1048 2527 ἐκβράσσεσθαι
1072 2491 1103 2516 et
1123 2498 1192 2526 pag.
1207 2490 1244 2517 61
1267 2497 1289 2518 s.
1305 2498 1333 2518 v.
1356 2487 1456 2526 ἧιιῦν.
