1848 2929
954 217 1002 253 88

294 336 389 377 quod
428 335 633 369 Herodotus
674 333 793 369 δεινὸν
827 338 1024 371 ποιεῖσθαι
1063 335 1194 370 omisso
1234 336 1459 379 pronomine⁴
1482 349 1516 371 τι
1556 347 1651 372 eom—

296 393 463 439 pluribus
502 393 593 430 locis
633 397 786 439 usurpat
825 394 863 442 (I
891 395 980 431 127:
1022 394 1165 443 Πέρσαι
1203 417 1249 420 -
1270 416 1314 420 -
1354 393 1470 431 πάλαι
1509 394 1652 433 ὁεινόν

294 452 554 496 ποιεύμενοι
581 451 654 488 ὐπὸ
679 451 823 500 Μήδιον
848 452 1042 501 ἄρχεσθαι,
1074 454 1113 488 II
1132 454 1220 489 133:
1249 451 1367 490 δεινὸν
1393 453 1650 501 ποιησάμενον,

295 522 364 556 quo
399 511 479 548 loeo
511 512 555 547 de
581 511 768 558 Mycerino
805 512 978 559 agitur1),
1019 512 1090 549 VII
1120 513 1207 549 163:
1248 510 1392 550 δεινὸν
1427 510 1467 548 δὲ
1497 512 1557 548 καὶ
1589 511 1652 549 οὐκ

299 568 497 614 ἀνασχετὸν
522 569 848 617 ποιησάμενος),
881 571 920 606 in
946 572 1014 607 hae
1039 582 1079 607 re
1105 571 1301 607 Libanium
1335 582 1379 606 ex
1404 571 1469 606 illo
1496 572 1652 615 pendere

295 632 382 673 puto
418 628 457 663 in
492 639 542 663 or.
570 628 678 665 XXV
708 630 746 663 1:
787 627 898 664 πάλιν
930 628 964 664 εἰ
990 628 1132 675 ἐγκαλεῖ
1156 642 1229 671 τις,
1264 631 1461 664 ποιεῖται
1493 627 1651 671 δεινόν,

294 687 357 722 ubi
391 687 430 722 in
462 686 650 731 superiore
683 687 783 723 linea
816 687 953 732 legitur
978 689 1127 723 verbum
1159 687 1346 732 singulare
1380 687 1651 734 δεινολογεῖται,

296 746 390 789 quod
405 749 441 781 et
458 746 577 790 ipsum
591 746 837 782 Herodoteum
856 757 934 783 esse
947 746 1273 783 demonstravimus
1282 746 1320 793 ²),
1337 750 1374 782 et
1391 746 1429 782 in
1447 756 1500 791 ep.
1512 746 1652 782 1036b:

298 804 425 846 πόλεις
452 826 497 830 -
525 803 560 840 εἶ
585 803 707 852 δεήσει
735 804 929 854 σώφρονας
954 803 1160 849 ἀποδεῖξαι,
1188 803 1332 841 δεινόν
1357 805 1476 852 ποιῇ,
1508 805 1653 841 etiamsi

296 864 393 907 apud
420 864 714 909 Thucydidem
749 865 898 900 eandem
929 864 1148 899 locutionem
1181 864 1480 908 deprehendimus
1515 864 1652 899 duobus

295 921 387 958 locis
414 922 432 957 I
461 922 541 967 102,
561 923 602 957 4:
643 921 788 958 δεινὸν
815 921 1107 970 ποιησάμενοι
1139 922 1200 958 καὶ
1234 920 1299 958 οὐκ
1332 920 1553 966 ἀξιώσαντες
1577 920 1652 958 ὑπὸ

296 981 604 1024 Λακεδαιμονίων
629 981 736 1016 τοῦτο
762 983 902 1017 παθεῖν
931 984 968 1016 et
993 981 1045 1016 VI
1072 981 1130 1024 60,
1150 982 1190 1015 4:
1219 979 1366 1015 δεινὸν
1392 978 1652 1024 ποιούμενοι

298 1037 488 1086 πρότερον,
515 1037 550 1074 εἰ
574 1036 661 1080 τούς
687 1037 991 1086 ἐπιβουλεύοντας
1017 1060 1063 1064 -
1090 1037 1142 1087 μὴ
1167 1039 1338 1076 εἴσονται.

396 1097 439 1133 ἐν
464 1097 609 1145 κέρδει
636 1101 868 1134 ποιεῖσθαι
903 1099 954 1144 (in
981 1099 1076 1134 lucro
1099 1101 1249 1142 ponere).
1302 1099 1408 1133 Hanc
1433 1098 1651 1133 locutionem

296 1156 370 1191 nisi
401 1157 498 1200 apud
523 1157 747 1192 Herodotum
780 1160 815 1192 et
841 1158 937 1201 apud
963 1156 1158 1192 Libanium
1190 1167 1262 1192 non
1287 1156 1506 1200 invenimus,
1541 1166 1653 1200 quare

298 1225 376 1251 eam
416 1215 597 1252 rhetorem
639 1217 684 1252 ab
724 1215 1007 1252 Halicarnasson
1048 1215 1313 1261 deprompsisse
1352 1227 1490 1252 censeo.
1552 1215 1655 1251 Dicit

299 1274 394 1310 enim
433 1275 640 1310 Herodotus
679 1275 736 1310 ΠΙ
758 1276 824 1310 121
842 1277 864 1311 δ
871 1287 878 1309 t
922 1273 984 1310 τόν
1020 1273 1251 1319 ἐκκεχυμένον
1286 1270 1384 1310 οἶνον
1424 1273 1652 1320 συγκομίζειν

299 1332 340 1368 ἐν
378 1332 526 1380 κέρδεϊ
565 1333 858 1378 ποιουμένους
893 1338 929 1368 et
967 1334 1019 1370 VI
1050 1334 1110 1368 13:
1157 1332 1199 1368 ἐν
1235 1332 1383 1381 κέρδεϊ
1423 1332 1652 1368 ἐποιεῦντο

299 1393 544 1438 περιποιῆσαι
570 1389 616 1426 τοὶ
642 1412 689 1416 —-
716 1390 778 1438 ἱρά
804 1395 841 1427 et
866 1392 1045 1427 Libanius
1071 1392 1109 1426 in
1136 1402 1186 1426 or.
1207 1392 1262 1426 IX
1281 1392 1321 1426 6:
1350 1390 1393 1426 ἐν
1418 1389 1561 1438 κέρδει
1587 1388 1652 1438 τὴν

298 1447 481 1485 ἀνάλωσιν
507 1450 738 1485 ποιοῦνται
766 1453 802 1485 et
829 1450 866 1485 in
893 1461 943 1485 or.
962 1450 1055 1486 XXI
1074 1451 1113 1485 4:
1148 1449 1190 1485 ἐν
1216 1448 1361 1496 κέρδει
1387 1448 1653 1494 ποιουμένου

298 1505 362 1554 τήν
389 1507 597 1555 Καισαρίου
624 1507 747 1555 φύσιν.

398 1564 543 1614 φωνὴν
569 1567 698 1615 ῥῆξαι
726 1568 850 1611 (vocem
878 1568 1053 1610 emittere).
1091 1567 1196 1603 Hane
1222 1567 1438 1603 locutionem
1456 1567 1652 1603 Libanium

298 1626 483 1660 Herodoto
511 1626 641 1661 debere
668 1630 821 1669 apparet
848 1637 892 1660 ex
918 1626 977 1670 iis,
1013 1636 1104 1669 quae
1131 1626 1221 1661 dicit
1247 1626 1285 1660 in
1312 1626 1401 1661 decl.
1429 1626 1467 1660 II
1494 1626 1558 1660 21:
1591 1624 1654 1660 τόν

297 1695 335 1729 γε
370 1683 534 1731 Κροίσου
572 1685 638 1719 τοῦ
671 1685 800 1721 Λυδοῦ
839 1696 933 1732 φασι
971 1685 1088 1721 παῖδα
1124 1681 1267 1732 κωφόν
1291 1682 1402 1732 ξόντα
1439 1681 1653 1732 πρότερον

298 1742 423 1790 ῥῆξαι
451 1741 526 1790 τὴν
552 1741 695 1790 φωνὴν
721 1742 759 1778 ἐν
784 1745 829 1791 τῇ
845 1745 912 1779 τοῦ
936 1742 1077 1791 πατρὸς
1095 1745 1279 1791 συμφορᾷ,
1306 1754 1412 1787 quam
1435 1743 1653 1779 sententiam

297 1805 411 1837 totam
450 1812 495 1837 ex
529 1802 812 1838 Halicarnasseo
850 1803 1098 1847 depromptam
1136 1813 1214 1838 esse
1254 1802 1326 1837 iam
1363 1812 1474 1846 supra
1509 1802 1653 1837 demon-

296 1861 495 1896 stravimus
506 1859 551 1906 ³);
598 1871 680 1896 nam
715 1865 751 1897 et
783 1861 842 1896 hic
881 1861 900 1896 I
926 1862 973 1897 85
1009 1862 1052 1896 de
1086 1861 1211 1897 Croesi
1250 1861 1325 1896 filio
1364 1865 1461 1897 muto
1497 1870 1653 1896 narrans

298 1919 407 1954 dicit:
435 1916 509 1953 ὑπὸ
528 1917 634 1958 δέους
659 1932 698 1954 τε
724 1920 784 1955 καὶ
811 1921 923 1954 κακοῦ
948 1917 1102 1966 ἔρρηξε
1129 1917 1281 1966 φωνήν.
1326 1919 1461 1954 Eodem
1487 1921 1654 1963 spectant

297 1977 448 2013 Libanii
475 1978 589 2013 verba
623 1977 660 2012 in
692 1988 746 2022 ep.
767 1978 855 2013 393:
893 1976 960 2023 ἐγώ
987 1977 1028 2013 δὲ
1054 1976 1169 2018 εὕένὺς
1199 1977 1266 2023 μὲν
1291 1975 1447 2019 οἰκούσας
1482 1975 1652 2026 ἄφωνος

298 2031 344 2083 ἦν
370 2035 420 2076 οὓς
446 2035 509 2071 ἐπὶ
537 2036 721 2077 πλεῖστον,
756 2035 836 2071 ἐπεὶ
863 2035 903 2072 δὲ
931 2035 1141 2083 ἠδὐνάσθην
1175 2037 1303 2083 ῥῆξαι
1330 2035 1492 2084 φωνήν,
1528 2035 1651 2083 ἀφῆκα

297 2093 446 2143 πρώτην
491 2094 565 2131 κτλ.
630 2095 829 2130 Praeterea
876 2094 1061 2131 invenitur
1107 2095 1241 2131 locutio
1288 2096 1383 2141 apud
1429 2095 1651 2132 Herodotum

296 2155 334 2190 II
362 2156 401 2190 2:
446 2152 574 2202 ἥντινα
607 2152 754 2202 φωνὴν
788 2153 967 2201 ῥήξουσι
1002 2153 1174 2201 πρώτην
1212 2155 1274 2201 (de
1309 2155 1513 2191 infantibus
1547 2155 1651 2190 modo

297 2213 421 2259 editis)
449 2216 486 2248 et
511 2213 609 2257 apud
636 2212 831 2249 Libanium
858 2213 897 2248 in
923 2213 1012 2248 decl.
1040 2213 1095 2248 IX
1121 2213 1186 2249 53:
1215 2211 1301 2262 παρ’
1327 2212 1409 2259 ε’μοὶ
1434 2211 1510 2262 τὴν
1537 2211 1651 2262 πρώ-

296 2286 371 2319 την
397 2270 586 2320 ἔρρηξας
613 2271 758 2320 φωνήν
793 2272 850 2318 (de
878 2272 1018 2308 infante
1045 2274 1148 2308 modo
1176 2273 1307 2319 edit0);
1348 2274 1411 2309 sed
1443 2273 1552 2308 etiam
1579 2272 1649 2308 vol.

399 2411 418 2446 ¹)
441 2409 517 2439 Vide
538 2418 606 2446 pag.
629 2410 675 2437 45.

396 2458 418 2495 ²)
440 2458 517 2487 Vide
537 2466 607 2495 pag.
628 2458 666 2487 54
679 2466 721 2493 sq.

396 2507 418 2544 ³)
440 2507 517 2537 Vide
537 2515 605 2544 pag.
628 2507 665 2536 41
678 2515 720 2543 sq.
