1848 2929
768 194 839 229 '91

147 311 241 356 spici
266 314 352 355 puto
380 321 402 345 a
429 310 584 345 Libanio
611 310 649 345 in
676 321 726 345 or.
753 311 894 348 XLVII
922 312 986 346 29:
1021 308 1155 357 ἔργων
1180 307 1373 354 μεγάλων
1399 307 1493 343 ἐπι-

146 367 348 418 θυμητὰς
394 372 430 404 et
464 368 503 404 in
538 369 609 406 vol.
636 370 688 407 IV
714 369 796 415 845,
816 370 862 405 36
887 370 937 406 R:
988 370 1127 405 καλῶν
1164 366 1297 417 ἔργων
1332 366 1492 403 ἐπιθυ-

146 427 298 475 myreis-3
341 438 425 463 nam
459 428 555 472 apud
586 431 724 464 ceteros
755 429 951 472 scriptores
985 428 1140 464 similem
1167 427 1387 463 locutionem
1422 437 1492 461 non

147 486 361 524 invenimus.

243 550 401 596 μείζων
433 549 569 597 λόγου.
620 552 766 597 Rhet0r‚
795 562 873 587 cum
901 551 990 587 dicit
1023 552 1062 587 in
1088 562 1138 587 or.
1166 550 1256 587 LIX
1284 551 1323 585 7:
1358 548 1491 595 μείζω

145 609 269 656 λόγου
312 608 475 650 παντὸς
516 607 580 657 τὴν
617 608 785 654 εὐτυχίαν
821 609 1083 658 καρπούμενοι,
1127 610 1276 645 adhibet
1314 608 1492 645 Herodoti

144 669 360 705 locutionem
393 668 510 713 μέζων
544 668 651 714 λόγου
684 669 972 715 (inenarrabilis),
1010 670 1112 705 cuius
1147 669 1313 713 exempla
1346 672 1493 704 exstant

145 727 184 763 H
210 727 274 762 35:
314 724 401 775 ἔργα
438 725 567 774 λόγου
603 726 716 772 μέζω
760 732 796 763 et
833 728 871 763 H
899 728 987 763 148:
1026 726 1087 764 τὸν
1126 727 1216 774 (soil.
1249 726 1492 774 λαβύρινθον)

145 784 211 831 ἐγώ
247 783 313 833 ἤδη
347 781 443 821 εἶδον
476 785 602 831 λόγου
634 785 747 831 μέζω
789 790 824 821 et
859 786 931 823 VII
958 787 1045 821 147:
1083 785 1278 834 πρήγματα
1306 807 1350 811 —
1385 784 1491 821 ἐόντα

145 843 271 891 λόγου
304 844 415 890 μέζω
452 848 488 881 et
523 845 579 881 IX
597 845 662 881 37:
700 843 801 892 ἔργον
827 843 1005 892 ἐργάσατο
1038 845 1166 890 μέζον
1192 843 1329 891 λόγου.
1384 844 1490 889 Apud

144 906 282 938 ceteros
307 903 440 938 locutio
467 914 537 938 non
563 903 744 947 reperitur
755 904 791 948 ¹).

243 964 403 1011 *νόμος
433 966 597 1015 χειρῶν.
649 965 749 1012 Quae
775 966 979 1002 Herodotus
1006 966 1096 1002 dicit
1126 966 1181 1002 IX
1208 966 1271 1002 48:
1308 967 1397 1014 πρὶν
1422 963 1489 1014 γὰρ

146 1024 167 1072 ἢ
194 1025 372 1069 συμμῖξαι
401 1023 514 1072 ἡμέας
540 1024 577 1065 ἐς
608 1026 763 1072 χειρῶν
795 1039 838 1060 τε
872 1023 1002 1069 νόμον
1032 1023 1232 1061 ἀπικέσθαι
1266 1026 1489 1069 (priusquam

145 1095 271 1121 manus
309 1083 577 1130 eonsereremus)
613 1087 649 1120 et
680 1083 771 1121 VIII
796 1083 861 1120 89:
909 1081 950 1119 ἐν
987 1084 1140 1132 χειρῶν
1179 1081 1291 1131 νόμῳ
1331 1081 1488 1120 ἀπολλύ-

144 1157 262 1188 μενοι,
300 1144 423 1179 eadem
449 1143 583 1188 repetit
607 1143 786 1178 Libanius
817 1143 855 1178 in
881 1154 931 1178 or.
955 1143 1010 1178 XI
1038 1143 1124 1178 120:
1162 1142 1311 1190 ἤλπιζεν
1339 1142 1358 1190 ἢ
1383 1142 1487 1190 φόβῳ

144 1200 263 1237 πάντα
289 1199 382 1246 ἕξειν
410 1199 430 1248 ἢ
455 1199 568 1247 νόμῳ
594 1201 750 1248 χειρῶν
762 1200 799 1246 ²).

245 1262 352 1310 *νύξ
378 1263 627 1302 ἐπελθοῦσα
662 1265 745 1311 (nox
769 1263 954 1310 appetens).
1007 1265 1109 1310 Quod
1135 1264 1270 1310 legitur
1295 1265 1333 1300 in
1358 1265 1486 1301 Liban.

146 1333 196 1358 or.
223 1323 279 1358 XI
306 1323 395 1358 255:
430 1321 515 1359 οῦδὲ
548 1321 623 1367 νὺξ
647 1320 901 1358 ἐπελθοῦσα
927 1320 991 1369 τήν
1016 1320 1132 1369 α’κμήν
1157 1322 1401 1365 διακόπτει,
1440 1324 1488 1359 Si-

145 1381 298 1417 millima
338 1383 490 1426 praebet
526 1381 731 1417 Herodotus
768 1381 860 1416 VIII
889 1382 950 1416 11:
1001 1379 1086 1421 τούς
1124 1402 1168 1406 -
1205 1379 1488 1427 ἀγωνιζομένους

145 1438 219 1485 νύξ
257 1439 514 1477 ἐπελθοῦσα
552 1439 740 1482 διέλυσε,
784 1450 896 1484 quare
935 1440 1044 1475 etiam
1082 1441 1175 1475 hanc
1212 1441 1427 1476 locutionem
1466 1452 1488 1476 a

144 1498 302 1534 Libanio
334 1509 378 1534 ex
403 1499 588 1534 Herodoto
621 1499 868 1543 depromptam
901 1508 979 1534 esse
1005 1502 1102 1543 puto.
1155 1498 1224 1534 Sed
1250 1499 1356 1534 etiam
1381 1510 1488 1544 gene-

145 1558 259 1594 tivum
286 1558 490 1594 absolutum
517 1557 666 1599 νυκτὸς
691 1555 965 1604 ἐπελθούσης
991 1561 1141 1601 uterque
1164 1558 1302 1602 pariter
1327 1563 1486 1603 usurpat,

146 1616 244 1652 velut
274 1616 480 1652 Herodotus
515 1616 533 1651 I
557 1610 940 1664 82;’ὑπελει’φθησαν
974 1615 1015 1651 δὲ
1050 1610 1151 1652 οὗτοι
1187 1614 1333 1656 νυκτὸς
1366 1615 1487 1652 ἐπελ-

144 1673 312 1722 θούσης
338 1676 448 1721 (nocte
472 1676 662 1721 appetente)
690 1678 725 1710 et
750 1674 928 1711 Libanius
959 1675 998 1710 in
1023 1675 1094 1711 vol.
1122 1675 1173 1712 IV
1199 1676 1280 1720 878,
1302 1676 1321 1710 7
1339 1676 1387 1711 R:
1414 1677 1488 1723 τῆς

144 1732 295 1774 νυκτὸς
320 1733 595 1780 ἐπελθούσης
621 1733 684 1770 ἐπὶ
709 1735 781 1768 τῶν
807 1732 941 1769 οἰάκων
965 1733 1127 1781 κάθηται
1138 1733 1175 1780 3).

242 1796 515 1847 *ἀξιόχρεως
540 1796 776 1847 πρόφασις.
828 1798 933 1834 Hanc
958 1798 1184 1844 locutionem,
1212 1809 1316 1843 quam
1342 1798 1488 1834 adhibet

143 1857 182 1892 in
226 1858 314 1893 decl.
342 1858 395 1893 IV
421 1858 468 1893 53
515 1856 774 1906 (ἀξιόχρεως
814 1856 1062 1906 προφάσεις
1111 1857 1250 1905 [causas
1278 1857 1486 1905 probabiles]

144 1914 364 1953 ὑποκεῖσθαι
402 1917 452 1961 τῷ
488 1915 662 1962 πολέμῳ),
701 1916 880 1952 Libanius
919 1920 955 1951 et
993 1916 1110 1961 ipsam
1149 1917 1330 1952 Herodoto
1371 1917 1485 1960 debet,

144 1976 239 2020 apud
281 1985 384 2020 quem
424 1975 578 2021 legimus
619 1975 638 2019 I
675 1976 762 2012 156:
810 1973 852 2024 ἢν
894 1973 944 2024 μὴ
985 1973 1223 2024 ἀξιόχρεων
1267 1973 1487 2024 πρόφασιν

145 2034 330 2082 προτείνῃ.
382 2036 485 2079 Apud
514 2038 653 2071 ceteros
678 2035 896 2071 locutionem
922 2046 994 2071 non
1020 2035 1326 2080 deprehendimus.

246 2173 266 2211 ¹)
289 2173 345 2202 Sed
367 2173 405 2202 cf.
428 2172 535 2203 Thuc.
556 2172 588 2201 11
608 2174 656 2210 50,
673 2174 703 2202 1:
731 2172 900 2212 γενόμενον
926 2172 985 2212 γὰρ
1013 2177 1189 2212 κρεῖσσον
1209 2171 1320 2210 λόγου
1347 2170 1380 2202 τὸ
1409 2170 1487 2206 εἶδος

143 2221 193 2259 τῆς
213 2221 318 2251 νόσου.

245 2271 266 2310 ²)
288 2270 345 2300 Sed
367 2271 459 2300 etiam
480 2270 683 2301 Aeschines
711 2272 763 2310 (or.
786 2271 801 2301 I
822 2272 854 2301 5:
882 2273 921 2301 ἐν
941 2271 1079 2311 χειρῶν
1100 2270 1197 2310 νόμῳ
1218 2287 1254 2291 —
1275 2268 1486 2309 καταλύοντας)

146 2323 176 2349 et
204 2320 384 2357 Polybius
406 2320 449 2358 (II
464 2321 568 2357 28,10.
590 2321 639 2349 III
652 2321 700 2358 63,
711 2322 739 2351 5.
762 2322 827 2359 116,
839 2322 869 2359 9)
898 2322 1022 2351 eandem
1051 2322 1229 2350 locutionem
1255 2319 1399 2349 adhibent
1424 2320 1488 2349 for-

144 2371 227 2399 tasse
248 2369 434 2399 Herodotum
455 2370 558 2400 secuti.

243 2418 267 2455 ⁸)
289 2418 335 2447 Cf.
357 2420 449 2448 etiam
471 2419 579 2448 Thuc.
602 2419 645 2449 IV
669 2420 734 2457 129,
748 2420 784 2449 5:
814 2422 843 2449 οἱ
865 2421 1015 2450 Μενδαῖοι
1044 2417 1148 2451 νυκτὸς
1175 2416 1360 2455 ἐπελθούσης
1380 2419 1410 2451 ἐς
1435 2417 1489 2456 τὴν

144 2466 234 2498 πόλιν
254 2465 399 2506 ἀπῆλθον.
