1848 2929
839 208 886 243 67

194 325 277 360 doto
315 325 470 369 pendere
509 327 613 369 put0;
661 335 743 361 nam
782 326 878 369 apud
915 325 1001 360 Her.
1028 324 1081 360 VI
1109 323 1177 359 103
1217 326 1254 358 et
1291 322 1330 357 in
1368 322 1449 357 Lib.
1486 332 1536 357 or.

193 383 315 420 LXIV
335 384 390 427 78,
418 383 480 418 ubi
505 380 818 431 ἀνακηρύττεσθαι
840 383 986 428 legitur,
1013 382 1146 418 locutio
1173 379 1411 428 ἀναιρεῖσθαι
1438 379 1538 427 νίκην

194 444 314 477 exstat
326 441 363 488 1).

291 498 544 548 ἄνατρὲχειν
577 502 623 536 ab
649 504 799 545 utroque
833 511 946 544 aeque
973 504 1079 543 atque
1114 501 1159 535 ab
1186 499 1367 534 Homero
1399 498 1538 533 duobus

193 558 283 593 locis
295 557 321 603 2)
348 559 391 594 de
417 559 638 603 germinibus
664 559 869 604 plantarum
896 558 1159 603 pullulantibus
1186 557 1330 602 dicitur,
1357 558 1403 592 ab
1421 556 1538 592 Hero-

194 618 277 653 doto
318 618 409 654 VIII
435 618 481 653 55
523 616 729 663 (βλαστὸν
763 616 801 653 ἐκ
837 620 902 653 τοῦ
938 616 1122 661 στελέχεος
1158 638 1203 642 —
1238 614 1538 663 α’ναδεδραμη-

194 674 315 718 κότα)
360 680 395 711 et
428 687 450 711 a
483 676 639 712 Libanio
681 676 720 711 in
758 687 808 712 or.
835 677 891 711 XI
918 677 988 711 228
1027 673 1231 721 (βλαστὸς
1263 673 1536 722 α’νέδραμεν),

195 733 255 777 qui
287 734 387 770 locus
421 738 517 770 totus
550 745 594 770 ex
627 735 810 770 Herodoto
843 735 1073 779 depromptus
1104 737 1162 769 est
1173 732 1210 779 ³).
1263 733 1399 769 Eodem
1433 733 1537 768 modo

193 792 316 826 rhetor
341 792 407 826 hoc
432 793 581 827 verbum
607 792 755 827 adhibet
779 792 818 826 in
845 793 968 827 eadem
993 791 1060 826 illa
1087 792 1251 826 oratione
1277 790 1333 825 XI
1360 791 1424 825 23:
1458 789 1537 825 δέν-

195 850 264 898 δρα
289 862 328 885 τε
354 847 666 898 ἀναδραμόντα.
718 850 922 887 Herodotus
949 849 1033 886 aliis
1056 850 1146 886 loeis
1173 850 1240 886 hoc
1257 850 1406 886 verbum
1432 860 1536 886 usur-

194 912 258 952 pat
294 910 336 943 de
374 910 523 945 urbibus
560 910 821 953 crescentibus3
867 910 967 945 velut
1000 909 1073 945 VII
1102 910 1188 944 156:
1223 907 1303 944 οἷνά
1337 922 1377 943 τε
1412 907 1537 956 ἔδρα-

194 979 272 1011 μον
299 967 390 1014 (scil.
418 965 457 1003 αἱ
483 966 723 1017 Συρήκουσαι)
756 967 815 1004 καὶ
841 965 1014 1014 ἔβλαστον
1047 971 1083 1003 et
1108 967 1126 1003 I
1153 968 1217 1003 66:
1244 965 1321 1004 ἀνά
1347 981 1387 1003 τε
1412 965 1537 1015 ἔδρα-

195 1040 272 1071 μον
310 1026 406 1073 (soil.
435 1025 470 1063 οἱ
496 1025 804 1072 Λακεδαιμόνιοι)
843 1025 973 1063 αὐτίκα
1006 1027 1065 1062 καὶ
1099 1025 1372 1074 εὐθηνήθησαν.
1432 1028 1538 1071 Apud

196 1088 334 1120 ceteros
366 1085 560 1129 scriptores
592 1086 659 1120 hoo
684 1087 831 1122 verbum
859 1089 922 1120 aut
948 1086 991 1120 de
1018 1085 1103 1120 aliis
1128 1086 1236 1120 rebus
1268 1089 1331 1120 aut
1356 1085 1538 1120 translata

195 1143 340 1179 notione
372 1144 563 1180 adhibetur
580 1144 680 1181 velut
705 1144 819 1180 Hom.
840 1144 969 1190 Odyss.
985 1145 1017 1182 V
1035 1145 1116 1179 412.
1144 1144 1181 1179 Χ
1198 1145 1238 1179 4;
1266 1142 1539 1191 ἀναδέδρομε

197 1201 329 1249 πέτρης
368 1203 510 1246 Antip.
531 1203 672 1238 Sidon.
700 1204 808 1238 Anth.
827 1203 905 1237 Pal.
926 1203 978 1237 VI
997 1204 1085 1237 115:
1114 1202 1151 1237 ἐκ
1177 1202 1280 1249 ῥίζης
1305 1201 1539 1249 α’ναδέδρο-

197 1272 287 1305 μεν;
336 1261 490 1297 Musae.
520 1262 606 1306 232,
642 1261 705 1297 ubi
741 1272 819 1297 cum
859 1261 1086 1297 substantivo
1125 1259 1259 1308 ὀμίχλη
1291 1261 1540 1306 ooniungitur;

198 1319 307 1355 Plut.
336 1320 437 1356 Arat.
460 1321 503 1356 21
533 1321 626 1367 (oum
658 1321 884 1357 substantivo
912 1319 1051 1368 νέφος);
1086 1321 1187 1364 Popl.
1214 1321 1275 1355 21:
1303 1319 1542 1368 ἀνέδραμεν

198 1376 251 1417 εἷς
276 1376 317 1413 τὸ
343 1379 489 1425 πρῶτον
514 1377 668 1423 ἀξίωμα.

295 1438 501 1484 βοᾶσθαι.
553 1438 632 1474 Hoc
670 1439 817 1475 verbum
857 1439 953 1483 apud
995 1442 1183 1482 utrumque
1226 1428 1411 1484 significat
1449 1440 1543 1483 quod

198 1496 329 1532 Latine
367 1498 517 1533 nominis
540 1498 685 1541 famam
713 1498 863 1541 adipisci
900 1498 959 1532 vel
998 1498 1130 1532 clarum
1148 1499 1240 1542 fieri.
1293 1498 1402 1533 Velut
1427 1499 1543 1533 Hero—

199 1554 303 1590 dotus
328 1554 386 1590 III
404 1555 450 1590 39
477 1555 583 1590 dicit:
610 1555 677 1591 τοῦ
694 1553 947 1603 Πολυκράτεος
972 1553 1017 1591 τοὶ
1043 1553 1236 1603 πρήγματα
1263 1554 1390 1603 ηὔξετο
1415 1556 1475 1592 καὶ
1503 1551 1543 1605 ἦν

199 1612 422 1659 βεβωμένα
443 1645 446 1648 .
468 1612 535 1650 ἀνά
576 1628 615 1651 τε
656 1613 721 1662 τήν
762 1613 897 1662 Ἰωνίην
938 1616 998 1651 καὶ
1041 1613 1105 1662 την
1146 1613 1258 1662 ἄλλην
1299 1613 1457 1652 ιΕλλάδα
1507 1620 1543 1651 et

199 1672 251 1706 VI
286 1673 376 1707 131:
436 1670 696 1717 Ἀλκμεωνίδαι
754 1671 1009 1719 ἐβιάσθησαν
1058 1671 1129 1708 tivo}
1184 1672 1249 1720 την
1295 1671 1448 1710 Ἑλλάδα
1507 1677 1543 1709 et

197 1730 289 1767 VIII
323 1731 408 1766 124:
453 1729 715 1779 Θεμιστοκλέης
749 1728 922 1779 ἐβώσθη
954 1744 993 1767 τε
1025 1732 1084 1768 καὶ
1119 1729 1286 1779 ἐδοξώθη
1324 1727 1418 1769 εἶναι
1451 1730 1541 1781 οἷνηρ

198 1787 331 1826 πολλόν
354 1788 528 1837 Ἑλλήνων
561 1788 772 1838 σοφώτατος
805 1788 873 1826 dvo}
906 1791 1028 1826 πᾶσαν
1061 1788 1124 1837 τήν
1147 1789 1305 1827 Ἐλλάδα.
1363 1791 1542 1827 Libanius

198 1848 419 1883 Herodotum
458 1852 601 1884 secutus
641 1850 763 1884 eodem
802 1849 905 1884 modo
942 1850 1008 1885 hoc
1041 1851 1189 1885 verbum
1227 1849 1374 1884 adhibet
1412 1849 1450 1884 in
1490 1860 1540 1885 or.

198 1906 254 1942 XI
280 1906 345 1942 55:
382 1905 457 1944 κατ’
482 1905 611 1956 ἀρετήν
642 1909 889 1956 βεβοῆσθαι
919 1905 981 1944 τόν
1012 1907 1135 1945 Κάσον
1169 1912 1205 1945 et
1234 1908 1273 1944 in
1299 1919 1349 1944 or.
1377 1909 1446 1944 XV
1473 1909 1540 1945 59:

199 1965 335 2011 γίνεται
361 1965 537 2014 τῇὴπόλει
563 1967 675 2014 ζημία
699 1965 741 2003 τὸ
765 1969 1012 2014 βεβοῆσθαι
1047 1971 1083 2003 et
1108 1968 1144 2002 in
1176 1978 1226 2003 or.
1254 1968 1342 2002 LIX
1368 1968 1433 2002 98:
1470 1969 1542 2003 τῶν

199 2022 327 2074 ἡρώων
356 2023 441 2066 τοὺς
472 2023 605 2075 ἄκρους
636 2026 741 2072 ἰ’σμεν
775 2048 821 2052 -
856 2024 909 2067 εἰς
945 2024 990 2063 τὰ
1023 2027 1151 2075 πρῶτα
1189 2025 1448 2074 βοηθέντας;
1493 2027 1541 2063 cf.

200 2095 250 2120 or.
278 2085 367 2119 LIX
395 2086 482 2129 155;
518 2086 606 2121 decl.
634 2087 667 2122 V
693 2086 750 2121 53.
777 2086 830 2122 VI
859 2086 913 2121 10.
949 2086 1005 2120 XI
1034 2087 1078 2121 18
1096 2087 1136 2120 F.
1164 2086 1234 2121 vol.
1261 2086 1313 2121 IV
1331 2086 1413 2129 273,
1435 2086 1479 2120 15
1498 2086 1541 2120 R.

201 2152 255 2187 ep.
276 2143 357 2179 173.
408 2142 546 2180 Eadem
579 2143 726 2180 notione
759 2144 827 2181 hoe
853 2145 1001 2180 verbum
1026 2144 1162 2189 legitur
1192 2144 1286 2188 apud
1311 2143 1542 2179 Aceratum

200 2201 239 2236 in
264 2202 373 2238 Anth.
391 2203 511 2240 Palat.
538 2203 611 2239 VII
639 2203 709 2239 138
735 2206 772 2239 et
797 2204 893 2248 apud
918 2202 1207 2247 Aristidem4).

299 2261 399 2298 δεῖν.
442 2262 521 2298 Hoc
548 2264 696 2299 verbum
722 2265 871 2307 uterque
898 2273 1006 2307 saepe
1032 2262 1188 2306 adhibet,
1216 2265 1256 2297 ut
1282 2272 1324 2296 ea
1347 2271 1438 2305 quae
1466 2261 1543 2297 fato

301 2359 322 2395 ¹)
344 2359 418 2398 Pag.
439 2360 529 2397 80sq.

301 2408 323 2444 ²)
345 2408 432 2439 Iliad.
454 2409 560 2440 XVIII
580 2410 619 2439 56
640 2412 671 2439 et
691 2410 765 2439 437:
794 2408 810 2440 ὁ
831 2409 861 2439 δ’
885 2409 1096 2449 ἀνέδραμεν
1116 2410 1198 2447 ἔρνεϊ
1217 2406 1288 2441 ἶσος.

300 2456 324 2495 ⁸)
345 2457 420 2497 Pag.
441 2458 489 2490 39.

300 2506 323 2543 ⁴)
345 2507 422 2537 Vide
442 2508 584 2538 Schmid
612 2509 631 2539 1.
647 2519 670 2540 e.
693 2510 751 2540 vol.
774 2510 805 2538 II
826 2519 852 2546 p.
871 2510 935 2539 177.
