<?xml version="1.0" encoding="UTF-8"?>
<!DOCTYPE html PUBLIC "-//W3C//DTD XHTML 1.0 Transitional//EN"
    "http://www.w3.org/TR/xhtml1/DTD/xhtml1-transitional.dtd">
<html xmlns="http://www.w3.org/1999/xhtml" xml:lang="en" lang="en">
 <head>
  <title>
</title>
<meta http-equiv="Content-Type" content="text/html;charset=utf-8" />
  <meta name='ocr-system' content='tesseract 3.04.00' />
  <meta name='ocr-capabilities' content='ocr_page ocr_carea ocr_par ocr_line ocrx_word'/>
</head>
<body>
  <div class='ocr_page' id='page_1' title='image "4737804_0093.png"; bbox 0 0 1848 2929; ppageno 0'>
   <div class='ocr_carea' id='block_1_1' title="bbox 193 336 1545 2203">
    <p class='ocr_par' dir='ltr' id='par_1_1' title="bbox 195 336 1544 1378">
     <span class='ocr_line' id='line_1_1' title="bbox 196 336 1539 384; baseline 0.001 -13"><span class='ocrx_word' id='word_1_1' title='bbox 196 337 254 372; x_wconf 83' lang='grc' dir='ltr'><em>καὶ</em></span> <span class='ocrx_word' id='word_1_2' title='bbox 291 337 430 384; x_wconf 78' lang='grc' dir='ltr'><em>τίμημα</em></span> <span class='ocrx_word' id='word_1_3' title='bbox 465 336 603 373; x_wconf 83' lang='grc' dir='ltr'><strong><em>ἐκτῖσαι</em></strong></span> <span class='ocrx_word' id='word_1_4' title='bbox 635 336 832 380; x_wconf 69' lang='grc' dir='ltr'><em>δύνασθαι,</em></span> <span class='ocrx_word' id='word_1_5' title='bbox 869 338 930 373; x_wconf 93' lang='lat' dir='ltr'>ubi</span> <span class='ocrx_word' id='word_1_6' title='bbox 957 338 1000 373; x_wconf 90' lang='lat' dir='ltr'>de</span> <span class='ocrx_word' id='word_1_7' title='bbox 1031 338 1198 373; x_wconf 85' lang='lat' dir='ltr'>Miltiade</span> <span class='ocrx_word' id='word_1_8' title='bbox 1229 337 1367 372; x_wconf 86' lang='lat' dir='ltr'>minore</span> <span class='ocrx_word' id='word_1_9' title='bbox 1399 336 1539 382; x_wconf 77' lang='lat' dir='ltr'>agitur3</span> 
     </span>
     <span class='ocr_line' id='line_1_2' title="bbox 195 396 1539 441; baseline -0.001 -9"><span class='ocrx_word' id='word_1_10' title='bbox 195 401 387 441; x_wconf 87' lang='lat' dir='ltr'>propterea</span> <span class='ocrx_word' id='word_1_11' title='bbox 418 397 741 441; x_wconf 85' lang='lat' dir='ltr'>quodHerodotus</span> <span class='ocrx_word' id='word_1_12' title='bbox 773 398 922 433; x_wconf 86' lang='lat' dir='ltr'>eandem</span> <span class='ocrx_word' id='word_1_13' title='bbox 953 397 1169 433; x_wconf 82' lang='lat' dir='ltr'>locutionem</span> <span class='ocrx_word' id='word_1_14' title='bbox 1201 398 1352 441; x_wconf 81' lang='lat' dir='ltr'><strong>praebet</strong></span> <span class='ocrx_word' id='word_1_15' title='bbox 1377 396 1430 432; x_wconf 92' lang='lat' dir='ltr'>VI</span> <span class='ocrx_word' id='word_1_16' title='bbox 1457 396 1539 439; x_wconf 89' lang='lat'>103,</span> 
     </span>
     <span class='ocr_line' id='line_1_3' title="bbox 196 454 1541 500; baseline -0.001 -10"><span class='ocrx_word' id='word_1_17' title='bbox 196 455 260 490; x_wconf 92' lang='lat' dir='ltr'>ubi</span> <span class='ocrx_word' id='word_1_18' title='bbox 295 456 338 490; x_wconf 89' lang='lat' dir='ltr'>de</span> <span class='ocrx_word' id='word_1_19' title='bbox 371 455 550 491; x_wconf 78' lang='lat' dir='ltr'>Miltiadis</span> <span class='ocrx_word' id='word_1_20' title='bbox 581 455 730 491; x_wconf 89' lang='lat' dir='ltr'>minoris</span> <span class='ocrx_word' id='word_1_21' title='bbox 757 456 837 492; x_wconf 89' lang='lat' dir='ltr'>avis</span> <span class='ocrx_word' id='word_1_22' title='bbox 873 459 1059 500; x_wconf 85' lang='lat' dir='ltr'>narratur,</span> <span class='ocrx_word' id='word_1_23' title='bbox 1096 456 1275 491; x_wconf 81' lang='lat' dir='ltr'>rhetorem</span> <span class='ocrx_word' id='word_1_24' title='bbox 1307 454 1415 490; x_wconf 87' lang='lat' dir='ltr'>etiam</span> <span class='ocrx_word' id='word_1_25' title='bbox 1448 454 1541 489; x_wconf 86' lang='lat' dir='ltr'>hanc</span> 
     </span>
     <span class='ocr_line' id='line_1_4' title="bbox 195 513 1540 565; baseline 0 -17"><span class='ocrx_word' id='word_1_26' title='bbox 195 513 411 549; x_wconf 84' lang='lat' dir='ltr'>locutionem</span> <span class='ocrx_word' id='word_1_27' title='bbox 453 524 497 549; x_wconf 87' lang='lat' dir='ltr'>ex</span> <span class='ocrx_word' id='word_1_28' title='bbox 533 514 813 565; x_wconf 84' lang='lat' dir='ltr'>Haliearnasseo</span> <span class='ocrx_word' id='word_1_29' title='bbox 856 514 1032 550; x_wconf 89' lang='lat' dir='ltr'>libavisse</span> <span class='ocrx_word' id='word_1_30' title='bbox 1073 525 1210 550; x_wconf 86' lang='lat' dir='ltr'>censeo.</span> <span class='ocrx_word' id='word_1_31' title='bbox 1270 514 1466 549; x_wconf 87' lang='lat' dir='ltr'>Praeterea</span> <span class='ocrx_word' id='word_1_32' title='bbox 1502 513 1540 547; x_wconf 91' lang='lat' dir='ltr'>in</span> 
     </span>
     <span class='ocr_line' id='line_1_5' title="bbox 197 570 1539 621; baseline 0 -14"><span class='ocrx_word' id='word_1_33' title='bbox 197 573 318 607; x_wconf 90' lang='lat' dir='ltr'>eodem</span> <span class='ocrx_word' id='word_1_34' title='bbox 345 573 464 617; x_wconf 87' lang='lat' dir='ltr'>eapite</span> <span class='ocrx_word' id='word_1_35' title='bbox 482 573 659 608; x_wconf 86' lang='lat' dir='ltr'>Herodoti</span> <span class='ocrx_word' id='word_1_36' title='bbox 684 573 792 617; x_wconf 89' lang='lat' dir='ltr'>paulo</span> <span class='ocrx_word' id='word_1_37' title='bbox 810 576 892 618; x_wconf 91' lang='lat' dir='ltr'>post</span> <span class='ocrx_word' id='word_1_38' title='bbox 918 576 1038 608; x_wconf 86' lang='lat' dir='ltr'>exstat</span> <span class='ocrx_word' id='word_1_39' title='bbox 1056 574 1203 608; x_wconf 88' lang='lat' dir='ltr'>verbum</span> <span class='ocrx_word' id='word_1_40' title='bbox 1229 570 1539 621; x_wconf 70' lang='grc' dir='ltr'><em>ἀνακηρυχθῆναι,</em></span> 
     </span>
     <span class='ocr_line' id='line_1_6' title="bbox 197 631 1539 678; baseline -0.001 -11"><span class='ocrx_word' id='word_1_41' title='bbox 197 632 291 675; x_wconf 90' lang='lat' dir='ltr'>quod</span> <span class='ocrx_word' id='word_1_42' title='bbox 327 635 363 667; x_wconf 89' lang='lat' dir='ltr'>et</span> <span class='ocrx_word' id='word_1_43' title='bbox 398 631 514 676; x_wconf 90' lang='lat' dir='ltr'>ipsum</span> <span class='ocrx_word' id='word_1_44' title='bbox 551 632 729 668; x_wconf 88' lang='lat' dir='ltr'>Libanius</span> <span class='ocrx_word' id='word_1_45' title='bbox 765 643 811 668; x_wconf 85' lang='lat' dir='ltr'>ex</span> <span class='ocrx_word' id='word_1_46' title='bbox 846 632 911 668; x_wconf 91' lang='lat' dir='ltr'>illo</span> <span class='ocrx_word' id='word_1_47' title='bbox 948 632 1125 668; x_wconf 90' lang='lat' dir='ltr'>delibavit</span> <span class='ocrx_word' id='word_1_48' title='bbox 1137 631 1173 678; x_wconf 77' lang='lat'>¹).</span> <span class='ocrx_word' id='word_1_49' title='bbox 1233 632 1371 667; x_wconf 85' lang='lat' dir='ltr'>Eadem</span> <span class='ocrx_word' id='word_1_50' title='bbox 1405 631 1539 667; x_wconf 84' lang='lat' dir='ltr'>locutio</span> 
     </span>
     <span class='ocr_line' id='line_1_7' title="bbox 197 689 1542 740; baseline -0.001 -15"><span class='ocrx_word' id='word_1_51' title='bbox 197 693 317 725; x_wconf 83' lang='lat' dir='ltr'>exstat</span> <span class='ocrx_word' id='word_1_52' title='bbox 352 691 437 740; x_wconf 78' lang='lat' dir='ltr'>Her.</span> <span class='ocrx_word' id='word_1_53' title='bbox 471 691 527 725; x_wconf 93' lang='lat' dir='ltr'>IX</span> <span class='ocrx_word' id='word_1_54' title='bbox 553 691 617 725; x_wconf 87' lang='lat'>64:</span> <span class='ocrx_word' id='word_1_55' title='bbox 658 691 778 737; x_wconf 82' lang='grc' dir='ltr'><em>νίκην</em></span> <span class='ocrx_word' id='word_1_56' title='bbox 813 689 1062 737; x_wconf 78' lang='grc' dir='ltr'><em>ἀναιρέεται</em></span> <span class='ocrx_word' id='word_1_57' title='bbox 1100 689 1339 737; x_wconf 54' lang='grc' dir='ltr'><em>καλλίστηνὲ).</em></span> <span class='ocrx_word' id='word_1_58' title='bbox 1396 689 1542 725; x_wconf 84' lang='lat' dir='ltr'>Similia</span> 
     </span>
     <span class='ocr_line' id='line_1_8' title="bbox 196 748 1540 793; baseline 0 -10"><span class='ocrx_word' id='word_1_59' title='bbox 196 748 399 783; x_wconf 89' lang='lat' dir='ltr'>Herodotus</span> <span class='ocrx_word' id='word_1_60' title='bbox 433 759 540 793; x_wconf 88' lang='lat' dir='ltr'>saepe</span> <span class='ocrx_word' id='word_1_61' title='bbox 566 750 734 793; x_wconf 88' lang='lat' dir='ltr'>praebet;</span> <span class='ocrx_word' id='word_1_62' title='bbox 779 749 880 785; x_wconf 91' lang='lat' dir='ltr'>velut</span> <span class='ocrx_word' id='word_1_63' title='bbox 911 749 950 784; x_wconf 94' lang='lat' dir='ltr'>in</span> <span class='ocrx_word' id='word_1_64' title='bbox 983 749 1104 784; x_wconf 90' lang='lat' dir='ltr'>eodem</span> <span class='ocrx_word' id='word_1_65' title='bbox 1140 748 1204 784; x_wconf 91' lang='lat' dir='ltr'>illo</span> <span class='ocrx_word' id='word_1_66' title='bbox 1238 748 1357 793; x_wconf 87' lang='lat' dir='ltr'>capite</span> <span class='ocrx_word' id='word_1_67' title='bbox 1390 748 1443 785; x_wconf 92' lang='lat' dir='ltr'>VI</span> <span class='ocrx_word' id='word_1_68' title='bbox 1471 748 1540 783; x_wconf 89' lang='lat'>103</span> 
     </span>
     <span class='ocr_line' id='line_1_9' title="bbox 196 805 1542 854; baseline 0 -13"><span class='ocrx_word' id='word_1_69' title='bbox 196 808 343 842; x_wconf 89' lang='lat' dir='ltr'>verbum</span> <span class='ocrx_word' id='word_1_70' title='bbox 374 805 607 854; x_wconf 73' lang='grc' dir='ltr'><em>ἀναιρεῖσθαι</em></span> <span class='ocrx_word' id='word_1_71' title='bbox 641 818 712 842; x_wconf 86' lang='grc'>11011</span> <span class='ocrx_word' id='word_1_72' title='bbox 737 808 840 843; x_wconf 88' lang='lat' dir='ltr'>modo</span> <span class='ocrx_word' id='word_1_73' title='bbox 877 817 957 843; x_wconf 84' lang='lat' dir='ltr'>eum</span> <span class='ocrx_word' id='word_1_74' title='bbox 988 808 1196 843; x_wconf 84' lang='lat' dir='ltr'>accusativo</span> <span class='ocrx_word' id='word_1_75' title='bbox 1228 806 1327 853; x_wconf 78' lang='grc' dir='ltr'><em>νίκην</em></span> <span class='ocrx_word' id='word_1_76' title='bbox 1354 806 1542 850; x_wconf 84' lang='lat' dir='ltr'>coniungit</span> 
     </span>
     <span class='ocr_line' id='line_1_10' title="bbox 197 863 1541 911; baseline 0 -12"><span class='ocrx_word' id='word_1_77' title='bbox 197 863 345 911; x_wconf 74' lang='grc' dir='ltr'><em>(ταύτην</em></span> <span class='ocrx_word' id='word_1_78' title='bbox 380 863 442 911; x_wconf 76' lang='grc' dir='ltr'><em>τήν</em></span> <span class='ocrx_word' id='word_1_79' title='bbox 478 864 596 911; x_wconf 77' lang='grc' dir='ltr'><em>νίκην</em></span> <span class='ocrx_word' id='word_1_80' title='bbox 628 863 922 910; x_wconf 78' lang='grc' dir='ltr'><em>ἀνελόμενον),</em></span> <span class='ocrx_word' id='word_1_81' title='bbox 962 866 1024 901; x_wconf 85' lang='lat' dir='ltr'>sed</span> <span class='ocrx_word' id='word_1_82' title='bbox 1059 865 1168 900; x_wconf 83' lang='lat' dir='ltr'>etiam</span> <span class='ocrx_word' id='word_1_83' title='bbox 1202 875 1281 900; x_wconf 86' lang='lat' dir='ltr'>cum</span> <span class='ocrx_word' id='word_1_84' title='bbox 1314 863 1541 909; x_wconf 73' lang='grc' dir='ltr'><em>Ὀλυμπιάδα</em></span> 
     </span>
     <span class='ocr_line' id='line_1_11' title="bbox 196 921 1540 972; baseline 0.001 -13"><span class='ocrx_word' id='word_1_85' title='bbox 196 921 500 968; x_wconf 78' lang='grc' dir='ltr'><em>(Ὀλυμπιάδας</em></span> <span class='ocrx_word' id='word_1_86' title='bbox 526 922 765 962; x_wconf 75' lang='grc' dir='ltr'><em>ἀνελέσθαι</em></span> <span class='ocrx_word' id='word_1_87' title='bbox 791 946 837 949; x_wconf 88' lang='grc'>-</span> <span class='ocrx_word' id='word_1_88' title='bbox 863 922 1122 969; x_wconf 84' lang='grc' dir='ltr'><em>ἀνελόμενον</em></span> <span class='ocrx_word' id='word_1_89' title='bbox 1147 922 1257 972; x_wconf 82' lang='grc' dir='ltr'><em>ἄλλην</em></span> <span class='ocrx_word' id='word_1_90' title='bbox 1273 921 1540 969; x_wconf 80' lang='grc' dir='ltr'><em>Ὀλυμπιάδα</em></span> 
     </span>
     <span class='ocr_line' id='line_1_12' title="bbox 197 981 1541 1030; baseline 0 -12"><span class='ocrx_word' id='word_1_91' title='bbox 197 1004 243 1008; x_wconf 86' lang='grc'><strong>-</strong></span> <span class='ocrx_word' id='word_1_92' title='bbox 261 986 359 1030; x_wconf 81' lang='grc' dir='ltr'><strong><em>τρεῖς</em></strong></span> <span class='ocrx_word' id='word_1_93' title='bbox 376 981 674 1028; x_wconf 78' lang='grc' dir='ltr'><em>Ὀλυμπιάδας</em></span> <span class='ocrx_word' id='word_1_94' title='bbox 699 981 1025 1028; x_wconf 70' lang='grc' dir='ltr'><em>ἀνελύμενοι)3),</em></span> <span class='ocrx_word' id='word_1_95' title='bbox 1054 983 1183 1026; x_wconf 89' lang='lat' dir='ltr'>quibus</span> <span class='ocrx_word' id='word_1_96' title='bbox 1200 983 1292 1018; x_wconf 87' lang='lat' dir='ltr'>locis</span> <span class='ocrx_word' id='word_1_97' title='bbox 1311 984 1541 1018; x_wconf 85' lang='lat' dir='ltr'>accusativus</span> 
     </span>
     <span class='ocr_line' id='line_1_13' title="bbox 197 1040 1541 1088; baseline 0.001 -12"><span class='ocrx_word' id='word_1_98' title='bbox 197 1041 296 1088; x_wconf 86' lang='grc' dir='ltr'><em>νίκην</em></span> <span class='ocrx_word' id='word_1_99' title='bbox 328 1041 388 1077; x_wconf 89' lang='lat' dir='ltr'>vel</span> <span class='ocrx_word' id='word_1_100' title='bbox 421 1040 520 1080; x_wconf 83' lang='grc' dir='ltr'><em>νίκας</em></span> <span class='ocrx_word' id='word_1_101' title='bbox 554 1041 821 1077; x_wconf 82' lang='lat' dir='ltr'>subaudiendus</span> <span class='ocrx_word' id='word_1_102' title='bbox 860 1044 921 1080; x_wconf 87' lang='lat' dir='ltr'>est</span> <span class='ocrx_word' id='word_1_103' title='bbox 953 1041 1014 1088; x_wconf 85' lang='lat' dir='ltr'>(ef.</span> <span class='ocrx_word' id='word_1_104' title='bbox 1043 1041 1152 1076; x_wconf 88' lang='lat' dir='ltr'>etiam</span> <span class='ocrx_word' id='word_1_105' title='bbox 1186 1041 1272 1076; x_wconf 86' lang='lat' dir='ltr'>Her.</span> <span class='ocrx_word' id='word_1_106' title='bbox 1299 1041 1352 1077; x_wconf 90' lang='lat' dir='ltr'>VI</span> <span class='ocrx_word' id='word_1_107' title='bbox 1379 1041 1434 1076; x_wconf 87' lang='lat'>70.</span> <span class='ocrx_word' id='word_1_108' title='bbox 1458 1041 1541 1084; x_wconf 83' lang='lat'>125)</span> 
     </span>
     <span class='ocr_line' id='line_1_14' title="bbox 198 1097 1542 1146; baseline 0.001 -12"><span class='ocrx_word' id='word_1_109' title='bbox 198 1103 233 1134; x_wconf 89' lang='lat' dir='ltr'>et</span> <span class='ocrx_word' id='word_1_110' title='bbox 267 1110 344 1134; x_wconf 87' lang='lat' dir='ltr'>eum</span> <span class='ocrx_word' id='word_1_111' title='bbox 379 1099 588 1135; x_wconf 83' lang='lat' dir='ltr'>accusativo</span> <span class='ocrx_word' id='word_1_112' title='bbox 623 1097 763 1145; x_wconf 82' lang='grc' dir='ltr'><em>ἀγῶνας</em></span> <span class='ocrx_word' id='word_1_113' title='bbox 796 1100 850 1134; x_wconf 94' lang='lat' dir='ltr'>IX</span> <span class='ocrx_word' id='word_1_114' title='bbox 876 1100 922 1135; x_wconf 89' lang='lat'>33</span> <span class='ocrx_word' id='word_1_115' title='bbox 957 1098 1143 1145; x_wconf 78' lang='grc' dir='ltr'><em>(ἀγῶνας</em></span> <span class='ocrx_word' id='word_1_116' title='bbox 1171 1120 1217 1124; x_wconf 82' lang='grc'><strong>-</strong></span> <span class='ocrx_word' id='word_1_117' title='bbox 1243 1097 1542 1146; x_wconf 79' lang='grc' dir='ltr'><em>ἀναιρήσεται,</em></span> 
     </span>
     <span class='ocr_line' id='line_1_15' title="bbox 195 1155 1543 1204; baseline -0.001 -12"><span class='ocrx_word' id='word_1_118' title='bbox 195 1156 538 1204; x_wconf 72' lang='grc' dir='ltr'><em>ἀναιρησόμενος</em></span> <span class='ocrx_word' id='word_1_119' title='bbox 576 1155 774 1201; x_wconf 79' lang='grc' dir='ltr'><em>ἀγῶνας).</em></span> <span class='ocrx_word' id='word_1_120' title='bbox 836 1158 1013 1192; x_wconf 89' lang='lat' dir='ltr'>Libanius</span> <span class='ocrx_word' id='word_1_121' title='bbox 1053 1157 1154 1191; x_wconf 91' lang='lat' dir='ltr'>illam</span> <span class='ocrx_word' id='word_1_122' title='bbox 1189 1157 1408 1192; x_wconf 89' lang='lat' dir='ltr'>locutionem</span> <span class='ocrx_word' id='word_1_123' title='bbox 1444 1158 1543 1203; x_wconf 80' lang='grc' dir='ltr'><em>νίκην</em></span> 
     </span>
     <span class='ocr_line' id='line_1_16' title="bbox 196 1213 1544 1263; baseline 0 -12"><span class='ocrx_word' id='word_1_124' title='bbox 196 1213 436 1262; x_wconf 74' lang='grc' dir='ltr'><em>ἀναιρεῖσθαι</em></span> <span class='ocrx_word' id='word_1_125' title='bbox 479 1225 587 1260; x_wconf 84' lang='lat' dir='ltr'>saepe</span> <span class='ocrx_word' id='word_1_126' title='bbox 619 1218 787 1260; x_wconf 83' lang='lat' dir='ltr'>usurpat,</span> <span class='ocrx_word' id='word_1_127' title='bbox 827 1215 926 1251; x_wconf 90' lang='lat' dir='ltr'>velut</span> <span class='ocrx_word' id='word_1_128' title='bbox 968 1215 1005 1250; x_wconf 89' lang='lat' dir='ltr'>in</span> <span class='ocrx_word' id='word_1_129' title='bbox 1040 1226 1089 1250; x_wconf 89' lang='lat' dir='ltr'>or.</span> <span class='ocrx_word' id='word_1_130' title='bbox 1117 1214 1193 1250; x_wconf 92' lang='lat' dir='ltr'>XII</span> <span class='ocrx_word' id='word_1_131' title='bbox 1219 1215 1265 1250; x_wconf 85' lang='lat'>54</span> <span class='ocrx_word' id='word_1_132' title='bbox 1308 1214 1388 1263; x_wconf 80' lang='grc' dir='ltr'><em>(τὴν</em></span> <span class='ocrx_word' id='word_1_133' title='bbox 1425 1215 1544 1263; x_wconf 82' lang='grc' dir='ltr'><em>νίκην</em></span> 
     </span>
     <span class='ocr_line' id='line_1_17' title="bbox 195 1272 1542 1322; baseline 0.001 -13"><span class='ocrx_word' id='word_1_134' title='bbox 195 1272 367 1319; x_wconf 80' lang='grc' dir='ltr'><em>ἀνείλου),</em></span> <span class='ocrx_word' id='word_1_135' title='bbox 402 1274 497 1309; x_wconf 86' lang='lat' dir='ltr'>XIII</span> <span class='ocrx_word' id='word_1_136' title='bbox 523 1275 545 1309; x_wconf 88' lang='grc'><strong>9</strong></span> <span class='ocrx_word' id='word_1_137' title='bbox 573 1274 712 1321; x_wconf 85' lang='grc' dir='ltr'><em>(νίκην</em></span> <span class='ocrx_word' id='word_1_138' title='bbox 737 1295 782 1299; x_wconf 83' lang='lat'>——</span> <span class='ocrx_word' id='word_1_139' title='bbox 811 1273 980 1322; x_wconf 83' lang='grc' dir='ltr'><em>λαμπρὰν</em></span> <span class='ocrx_word' id='word_1_140' title='bbox 1005 1272 1239 1321; x_wconf 81' lang='grc' dir='ltr'><em>ἀνῃρεῖτο),</em></span> <span class='ocrx_word' id='word_1_141' title='bbox 1272 1285 1322 1309; x_wconf 82' lang='lat'><strong>01¹.</strong></span> <span class='ocrx_word' id='word_1_142' title='bbox 1350 1274 1459 1309; x_wconf 84' lang='lat' dir='ltr'>XVII</span> <span class='ocrx_word' id='word_1_143' title='bbox 1485 1275 1542 1310; x_wconf 87' lang='lat'>31.</span> 
     </span>
     <span class='ocr_line' id='line_1_18' title="bbox 196 1333 1543 1378; baseline 0.001 -10"><span class='ocrx_word' id='word_1_144' title='bbox 196 1333 325 1370; x_wconf 92' lang='lat' dir='ltr'>XVIII</span> <span class='ocrx_word' id='word_1_145' title='bbox 346 1334 376 1368; x_wconf 92' lang='lat'>1.</span> <span class='ocrx_word' id='word_1_146' title='bbox 405 1333 495 1369; x_wconf 85' lang='lat' dir='ltr'>decl.</span> <span class='ocrx_word' id='word_1_147' title='bbox 514 1333 550 1368; x_wconf 96' lang='lat' dir='ltr'>X</span> <span class='ocrx_word' id='word_1_148' title='bbox 568 1333 613 1369; x_wconf 85' lang='lat'>31</span> <span class='ocrx_word' id='word_1_149' title='bbox 642 1333 712 1369; x_wconf 90' lang='lat' dir='ltr'>vol.</span> <span class='ocrx_word' id='word_1_150' title='bbox 731 1333 784 1370; x_wconf 94' lang='lat' dir='ltr'>IV</span> <span class='ocrx_word' id='word_1_151' title='bbox 801 1333 884 1378; x_wconf 88' lang='lat'>937,</span> <span class='ocrx_word' id='word_1_152' title='bbox 898 1333 954 1369; x_wconf 89' lang='grc'>16.</span> <span class='ocrx_word' id='word_1_153' title='bbox 974 1333 1057 1378; x_wconf 82' lang='lat'>941,</span> <span class='ocrx_word' id='word_1_154' title='bbox 1072 1334 1116 1368; x_wconf 92' lang='lat'>17</span> <span class='ocrx_word' id='word_1_155' title='bbox 1132 1333 1174 1368; x_wconf 88' lang='lat' dir='ltr'>R.</span> <span class='ocrx_word' id='word_1_156' title='bbox 1203 1343 1256 1378; x_wconf 88' lang='lat' dir='ltr'>ep.</span> <span class='ocrx_word' id='word_1_157' title='bbox 1271 1333 1352 1369; x_wconf 81' lang='lat'><strong>372.</strong></span> <span class='ocrx_word' id='word_1_158' title='bbox 1366 1333 1447 1369; x_wconf 87' lang='lat'>394.</span> <span class='ocrx_word' id='word_1_159' title='bbox 1461 1334 1543 1370; x_wconf 82' lang='lat'><strong>876.</strong></span> 
     </span>
    </p>

    <p class='ocr_par' dir='ltr' id='par_1_2' title="bbox 193 1390 1545 2028">
     <span class='ocr_line' id='line_1_19' title="bbox 294 1390 1543 1439; baseline 0.001 -11"><span class='ocrx_word' id='word_1_160' title='bbox 294 1390 441 1438; x_wconf 89' lang='grc' dir='ltr'><em>ἀλγεῖν</em></span> <span class='ocrx_word' id='word_1_161' title='bbox 474 1391 548 1439; x_wconf 72' lang='grc' dir='ltr'>τήν</span> <span class='ocrx_word' id='word_1_162' title='bbox 584 1392 735 1439; x_wconf 81' lang='grc' dir='ltr'><em>ψυχήν.</em></span> <span class='ocrx_word' id='word_1_163' title='bbox 787 1393 892 1428; x_wconf 87' lang='lat' dir='ltr'>Hanc</span> <span class='ocrx_word' id='word_1_164' title='bbox 925 1393 1157 1436; x_wconf 85' lang='lat' dir='ltr'>locutionem,</span> <span class='ocrx_word' id='word_1_165' title='bbox 1199 1403 1304 1436; x_wconf 89' lang='lat' dir='ltr'>quam</span> <span class='ocrx_word' id='word_1_166' title='bbox 1338 1393 1543 1429; x_wconf 86' lang='lat' dir='ltr'>Herodotus</span> 
     </span>
     <span class='ocr_line' id='line_1_20' title="bbox 199 1449 1545 1500; baseline 0.001 -14"><span class='ocrx_word' id='word_1_167' title='bbox 199 1452 242 1486; x_wconf 90' lang='lat' dir='ltr'>de</span> <span class='ocrx_word' id='word_1_168' title='bbox 285 1451 492 1496; x_wconf 79' lang='lat' dir='ltr'>Polycratis</span> <span class='ocrx_word' id='word_1_169' title='bbox 546 1450 635 1486; x_wconf 88' lang='lat' dir='ltr'>fatis</span> <span class='ocrx_word' id='word_1_170' title='bbox 682 1462 836 1486; x_wconf 91' lang='lat' dir='ltr'>narrans</span> <span class='ocrx_word' id='word_1_171' title='bbox 884 1451 1033 1487; x_wconf 84' lang='lat' dir='ltr'>adhibet</span> <span class='ocrx_word' id='word_1_172' title='bbox 1081 1451 1139 1486; x_wconf 89' lang='lat' dir='ltr'>III</span> <span class='ocrx_word' id='word_1_173' title='bbox 1165 1451 1229 1486; x_wconf 89' lang='lat'>40:</span> <span class='ocrx_word' id='word_1_174' title='bbox 1283 1449 1358 1498; x_wconf 73' lang='grc' dir='ltr'><em>τήν</em></span> <span class='ocrx_word' id='word_1_175' title='bbox 1403 1449 1545 1500; x_wconf 78' lang='grc' dir='ltr'><em>ψυχὴν</em></span> 
     </span>
     <span class='ocr_line' id='line_1_21' title="bbox 197 1507 1544 1559; baseline 0.001 -13"><span class='ocrx_word' id='word_1_176' title='bbox 197 1507 403 1558; x_wconf 76' lang='grc' dir='ltr'><em>ἀλγήσεις</em></span> <span class='ocrx_word' id='word_1_177' title='bbox 436 1510 564 1555; x_wconf 75' lang='lat' dir='ltr'>(animi</span> <span class='ocrx_word' id='word_1_178' title='bbox 589 1522 688 1557; x_wconf 75' lang='lat' dir='ltr'>aeyer</span> <span class='ocrx_word' id='word_1_179' title='bbox 712 1510 795 1557; x_wconf 80' lang='lat' dir='ltr'>eris)</span> <span class='ocrx_word' id='word_1_180' title='bbox 831 1513 866 1546; x_wconf 90' lang='lat' dir='ltr'>et</span> <span class='ocrx_word' id='word_1_181' title='bbox 896 1510 962 1546; x_wconf 88' lang='lat'>43:</span> <span class='ocrx_word' id='word_1_182' title='bbox 994 1508 1197 1558; x_wconf 77' lang='grc' dir='ltr'><em>ἀλγήσειε</em></span> <span class='ocrx_word' id='word_1_183' title='bbox 1227 1508 1300 1558; x_wconf 71' lang='grc' dir='ltr'><em>τήν</em></span> <span class='ocrx_word' id='word_1_184' title='bbox 1335 1509 1489 1559; x_wconf 74' lang='grc' dir='ltr'><em>ψυχήν,</em></span> <span class='ocrx_word' id='word_1_185' title='bbox 1525 1522 1544 1547; x_wconf 91' lang='lat' dir='ltr'>e</span> 
     </span>
     <span class='ocr_line' id='line_1_22' title="bbox 196 1568 1544 1616; baseline 0.001 -12"><span class='ocrx_word' id='word_1_186' title='bbox 196 1569 325 1612; x_wconf 89' lang='lat' dir='ltr'>quibus</span> <span class='ocrx_word' id='word_1_187' title='bbox 352 1569 534 1613; x_wconf 84' lang='lat' dir='ltr'>capitibus</span> <span class='ocrx_word' id='word_1_188' title='bbox 565 1573 814 1614; x_wconf 86' lang='lat' dir='ltr'>argumentum</span> <span class='ocrx_word' id='word_1_189' title='bbox 841 1569 1056 1614; x_wconf 87' lang='lat' dir='ltr'>diegematis</span> <span class='ocrx_word' id='word_1_190' title='bbox 1087 1570 1173 1616; x_wconf 85' lang='grc' dir='ltr'><em>περὶ</em></span> <span class='ocrx_word' id='word_1_191' title='bbox 1200 1568 1458 1616; x_wconf 79' lang='grc' dir='ltr'><em>Πολυκράτους</em></span> <span class='ocrx_word' id='word_1_192' title='bbox 1483 1571 1544 1605; x_wconf 88' lang='lat' dir='ltr'>de-</span> 
     </span>
     <span class='ocr_line' id='line_1_23' title="bbox 195 1627 1543 1674; baseline 0.001 -12"><span class='ocrx_word' id='word_1_193' title='bbox 195 1630 398 1672; x_wconf 89' lang='lat' dir='ltr'>promptum</span> <span class='ocrx_word' id='word_1_194' title='bbox 432 1638 509 1663; x_wconf 90' lang='lat' dir='ltr'>esse</span> <span class='ocrx_word' id='word_1_195' title='bbox 536 1627 691 1663; x_wconf 89' lang='lat' dir='ltr'>vidimus</span> <span class='ocrx_word' id='word_1_196' title='bbox 700 1627 740 1674; x_wconf 79' lang='lat'>4),</span> <span class='ocrx_word' id='word_1_197' title='bbox 775 1627 952 1663; x_wconf 91' lang='lat' dir='ltr'>Libanius</span> <span class='ocrx_word' id='word_1_198' title='bbox 984 1630 1020 1663; x_wconf 89' lang='lat' dir='ltr'>et</span> <span class='ocrx_word' id='word_1_199' title='bbox 1053 1627 1169 1672; x_wconf 89' lang='lat' dir='ltr'>ipsam</span> <span class='ocrx_word' id='word_1_200' title='bbox 1201 1631 1384 1664; x_wconf 86' lang='lat' dir='ltr'>mutuatus</span> <span class='ocrx_word' id='word_1_201' title='bbox 1416 1632 1471 1664; x_wconf 89' lang='lat' dir='ltr'>est</span> <span class='ocrx_word' id='word_1_202' title='bbox 1504 1629 1543 1664; x_wconf 93' lang='lat' dir='ltr'>in</span> 
     </span>
     <span class='ocr_line' id='line_1_24' title="bbox 196 1684 1542 1734; baseline 0.001 -13"><span class='ocrx_word' id='word_1_203' title='bbox 196 1686 284 1722; x_wconf 86' lang='lat' dir='ltr'>decl.</span> <span class='ocrx_word' id='word_1_204' title='bbox 312 1686 368 1722; x_wconf 94' lang='lat' dir='ltr'>IX</span> <span class='ocrx_word' id='word_1_205' title='bbox 387 1687 450 1721; x_wconf 85' lang='lat'>12:</span> <span class='ocrx_word' id='word_1_206' title='bbox 485 1684 560 1734; x_wconf 73' lang='grc' dir='ltr'><em>τήν</em></span> <span class='ocrx_word' id='word_1_207' title='bbox 589 1684 728 1733; x_wconf 80' lang='grc' dir='ltr'><em>ψυχὴν</em></span> <span class='ocrx_word' id='word_1_208' title='bbox 754 1685 962 1733; x_wconf 82' lang='grc' dir='ltr'><em>ἀλγήσας;</em></span> <span class='ocrx_word' id='word_1_209' title='bbox 997 1697 1080 1722; x_wconf 92' lang='lat' dir='ltr'>nam</span> <span class='ocrx_word' id='word_1_210' title='bbox 1106 1687 1214 1730; x_wconf 93' lang='lat' dir='ltr'>paulo</span> <span class='ocrx_word' id='word_1_211' title='bbox 1241 1690 1325 1722; x_wconf 89' lang='lat' dir='ltr'>ante</span> <span class='ocrx_word' id='word_1_212' title='bbox 1351 1687 1390 1722; x_wconf 92' lang='lat' dir='ltr'>in</span> <span class='ocrx_word' id='word_1_213' title='bbox 1417 1689 1542 1723; x_wconf 88' lang='lat' dir='ltr'>eadem</span> 
     </span>
     <span class='ocr_line' id='line_1_25' title="bbox 193 1743 1542 1792; baseline 0.001 -12"><span class='ocrx_word' id='word_1_214' title='bbox 193 1745 424 1789; x_wconf 80' lang='lat' dir='ltr'>paragrapho</span> <span class='ocrx_word' id='word_1_215' title='bbox 458 1745 626 1789; x_wconf 83' lang='lat' dir='ltr'>legimus:</span> <span class='ocrx_word' id='word_1_216' title='bbox 662 1743 698 1780; x_wconf 78' lang='grc' dir='ltr'>οἱ</span> <span class='ocrx_word' id='word_1_217' title='bbox 723 1747 931 1792; x_wconf 79' lang='grc' dir='ltr'><em>συμφοραῖς</em></span> <span class='ocrx_word' id='word_1_218' title='bbox 953 1744 1176 1792; x_wconf 81' lang='grc' dir='ltr'><em>κεχρημένοι,</em></span> <span class='ocrx_word' id='word_1_219' title='bbox 1210 1745 1269 1780; x_wconf 85' lang='lat' dir='ltr'>cui</span> <span class='ocrx_word' id='word_1_220' title='bbox 1303 1746 1400 1789; x_wconf 82' lang='lat' dir='ltr'>apud</span> <span class='ocrx_word' id='word_1_221' title='bbox 1425 1746 1542 1781; x_wconf 84' lang='lat' dir='ltr'>Hero—</span> 
     </span>
     <span class='ocr_line' id='line_1_26' title="bbox 194 1803 1541 1852; baseline 0.001 -13"><span class='ocrx_word' id='word_1_222' title='bbox 194 1803 314 1839; x_wconf 89' lang='lat' dir='ltr'>dotum</span> <span class='ocrx_word' id='word_1_223' title='bbox 356 1803 420 1839; x_wconf 90' lang='lat' dir='ltr'>illo</span> <span class='ocrx_word' id='word_1_224' title='bbox 452 1803 531 1840; x_wconf 86' lang='lat' dir='ltr'>loeo</span> <span class='ocrx_word' id='word_1_225' title='bbox 571 1804 765 1849; x_wconf 86' lang='lat' dir='ltr'>respondet</span> <span class='ocrx_word' id='word_1_226' title='bbox 805 1803 863 1840; x_wconf 92' lang='lat' dir='ltr'>III</span> <span class='ocrx_word' id='word_1_227' title='bbox 889 1804 954 1839; x_wconf 87' lang='lat'>41:</span> <span class='ocrx_word' id='word_1_228' title='bbox 997 1805 1166 1852; x_wconf 82' lang='grc' dir='ltr'><em>συμφορῇ</em></span> <span class='ocrx_word' id='word_1_229' title='bbox 1205 1803 1344 1852; x_wconf 83' lang='grc' dir='ltr'><em>ἐχρᾶτο.</em></span> <span class='ocrx_word' id='word_1_230' title='bbox 1401 1804 1541 1841; x_wconf 82' lang='lat' dir='ltr'>Eadem</span> 
     </span>
     <span class='ocr_line' id='line_1_27' title="bbox 193 1861 1542 1911; baseline 0.001 -14"><span class='ocrx_word' id='word_1_231' title='bbox 193 1862 260 1897; x_wconf 91' lang='lat' dir='ltr'>illa</span> <span class='ocrx_word' id='word_1_232' title='bbox 285 1862 465 1898; x_wconf 85' lang='lat' dir='ltr'>locutione</span> <span class='ocrx_word' id='word_1_233' title='bbox 491 1863 607 1898; x_wconf 84' lang='lat' dir='ltr'>utitur</span> <span class='ocrx_word' id='word_1_234' title='bbox 631 1863 809 1898; x_wconf 90' lang='lat' dir='ltr'>Libanius</span> <span class='ocrx_word' id='word_1_235' title='bbox 836 1863 874 1898; x_wconf 92' lang='lat' dir='ltr'>in</span> <span class='ocrx_word' id='word_1_236' title='bbox 900 1874 951 1898; x_wconf 92' lang='lat' dir='ltr'>or.</span> <span class='ocrx_word' id='word_1_237' title='bbox 979 1863 1109 1899; x_wconf 92' lang='lat' dir='ltr'>XVIII</span> <span class='ocrx_word' id='word_1_238' title='bbox 1127 1863 1192 1898; x_wconf 84' lang='lat'>85:</span> <span class='ocrx_word' id='word_1_239' title='bbox 1222 1861 1374 1910; x_wconf 68' lang='grc' dir='ltr'><em>ἤλγησέ</em></span> <span class='ocrx_word' id='word_1_240' title='bbox 1399 1876 1439 1898; x_wconf 79' lang='grc' dir='ltr'>τε</span> <span class='ocrx_word' id='word_1_241' title='bbox 1463 1862 1542 1911; x_wconf 79' lang='grc' dir='ltr'><em>τὴν</em></span> 
     </span>
     <span class='ocr_line' id='line_1_28' title="bbox 196 1918 1541 1969; baseline 0.001 -13"><span class='ocrx_word' id='word_1_242' title='bbox 196 1918 336 1968; x_wconf 80' lang='grc' dir='ltr'><em>ψυχὴν</em></span> <span class='ocrx_word' id='word_1_243' title='bbox 361 1924 397 1956; x_wconf 88' lang='lat' dir='ltr'>et</span> <span class='ocrx_word' id='word_1_244' title='bbox 422 1932 487 1965; x_wconf 88' lang='lat' dir='ltr'>per</span> <span class='ocrx_word' id='word_1_245' title='bbox 513 1921 719 1967; x_wconf 86' lang='lat' dir='ltr'>analogiam</span> <span class='ocrx_word' id='word_1_246' title='bbox 746 1921 837 1957; x_wconf 85' lang='lat' dir='ltr'>dicit</span> <span class='ocrx_word' id='word_1_247' title='bbox 862 1921 900 1957; x_wconf 91' lang='lat' dir='ltr'>in</span> <span class='ocrx_word' id='word_1_248' title='bbox 927 1933 977 1957; x_wconf 90' lang='lat' dir='ltr'>or.</span> <span class='ocrx_word' id='word_1_249' title='bbox 1006 1921 1099 1957; x_wconf 91' lang='lat' dir='ltr'>XIX</span> <span class='ocrx_word' id='word_1_250' title='bbox 1116 1922 1181 1956; x_wconf 84' lang='lat'>47:</span> <span class='ocrx_word' id='word_1_251' title='bbox 1217 1920 1367 1969; x_wconf 68' lang='grc' dir='ltr'><em>ἤλγησε</em></span> <span class='ocrx_word' id='word_1_252' title='bbox 1393 1943 1439 1947; x_wconf 88' lang='grc'>-</span> <span class='ocrx_word' id='word_1_253' title='bbox 1465 1920 1541 1969; x_wconf 76' lang='grc' dir='ltr'><em>τήν</em></span> 
     </span>
     <span class='ocr_line' id='line_1_29' title="bbox 195 1979 426 2028; baseline 0.004 -14"><span class='ocrx_word' id='word_1_254' title='bbox 195 1979 426 2028; x_wconf 76' lang='grc' dir='ltr'><em>καρδίαν5).</em></span> 
     </span>
    </p>

    <p class='ocr_par' dir='ltr' id='par_1_3' title="bbox 194 2038 1539 2203">
     <span class='ocr_line' id='line_1_30' title="bbox 292 2038 1539 2088; baseline 0 -13"><span class='ocrx_word' id='word_1_255' title='bbox 292 2041 473 2088; x_wconf 84' lang='grc' dir='ltr'><em>*χεῖρας</em></span> <span class='ocrx_word' id='word_1_256' title='bbox 504 2038 807 2088; x_wconf 75' lang='grc' dir='ltr'><em>ἀνταίρεσθαι.</em></span> <span class='ocrx_word' id='word_1_257' title='bbox 859 2040 962 2086; x_wconf 83' lang='lat' dir='ltr'>Quod</span> <span class='ocrx_word' id='word_1_258' title='bbox 987 2040 1077 2076; x_wconf 88' lang='lat' dir='ltr'>dicit</span> <span class='ocrx_word' id='word_1_259' title='bbox 1102 2040 1278 2076; x_wconf 90' lang='lat' dir='ltr'>Libanius</span> <span class='ocrx_word' id='word_1_260' title='bbox 1309 2039 1347 2075; x_wconf 89' lang='lat' dir='ltr'>in</span> <span class='ocrx_word' id='word_1_261' title='bbox 1373 2050 1423 2075; x_wconf 92' lang='lat' dir='ltr'>or.</span> <span class='ocrx_word' id='word_1_262' title='bbox 1451 2040 1539 2075; x_wconf 93' lang='lat' dir='ltr'>LIX</span> 
     </span>
     <span class='ocr_line' id='line_1_31' title="bbox 194 2096 1539 2146; baseline 0.001 -13"><span class='ocrx_word' id='word_1_263' title='bbox 194 2098 259 2134; x_wconf 85' lang='lat'>60:</span> <span class='ocrx_word' id='word_1_264' title='bbox 299 2097 340 2134; x_wconf 78' lang='grc' dir='ltr'>τὸ</span> <span class='ocrx_word' id='word_1_265' title='bbox 367 2097 548 2146; x_wconf 79' lang='grc' dir='ltr'><em>Περσικόν</em></span> <span class='ocrx_word' id='word_1_266' title='bbox 582 2097 711 2139; x_wconf 77' lang='grc' dir='ltr'><em>ἔθνος</em></span> <span class='ocrx_word' id='word_1_267' title='bbox 736 2097 813 2139; x_wconf 79' lang='grc' dir='ltr'><em>τοὶς</em></span> <span class='ocrx_word' id='word_1_268' title='bbox 846 2102 997 2146; x_wconf 87' lang='grc' dir='ltr'><em>χεῖρας</em></span> <span class='ocrx_word' id='word_1_269' title='bbox 1031 2097 1244 2146; x_wconf 84' lang='grc' dir='ltr'><em>ἀντήρατο</em></span> <span class='ocrx_word' id='word_1_270' title='bbox 1277 2098 1368 2144; x_wconf 85' lang='lat' dir='ltr'>(scil.</span> <span class='ocrx_word' id='word_1_271' title='bbox 1400 2096 1539 2144; x_wconf 73' lang='grc' dir='ltr'><em>ἐκείνῳ)</em></span> 
     </span>
     <span class='ocr_line' id='line_1_32' title="bbox 196 2157 1539 2203; baseline 0.001 -11"><span class='ocrx_word' id='word_1_272' title='bbox 196 2157 243 2203; x_wconf 84' lang='grc'>(11.</span> <span class='ocrx_word' id='word_1_273' title='bbox 264 2167 293 2193; x_wconf 90' lang='lat' dir='ltr'>e.</span> <span class='ocrx_word' id='word_1_274' title='bbox 326 2157 456 2194; x_wconf 81' lang='lat' dir='ltr'>Persae</span> <span class='ocrx_word' id='word_1_275' title='bbox 488 2159 534 2195; x_wconf 80' lang='lat' dir='ltr'>ad</span> <span class='ocrx_word' id='word_1_276' title='bbox 566 2158 689 2195; x_wconf 79' lang='lat' dir='ltr'>bellum</span> <span class='ocrx_word' id='word_1_277' title='bbox 717 2162 1005 2195; x_wconf 78' lang='lat' dir='ltr'>consurrexerunt</span> <span class='ocrx_word' id='word_1_278' title='bbox 1037 2162 1155 2195; x_wconf 82' lang='lat' dir='ltr'>contra</span> <span class='ocrx_word' id='word_1_279' title='bbox 1180 2158 1305 2202; x_wconf 82' lang='lat' dir='ltr'>illum),</span> <span class='ocrx_word' id='word_1_280' title='bbox 1340 2158 1408 2193; x_wconf 88' lang='lat' dir='ltr'>hoc</span> <span class='ocrx_word' id='word_1_281' title='bbox 1441 2161 1539 2194; x_wconf 87' lang='lat' dir='ltr'>certo</span> 
     </span>
    </p>
   </div>
   <div class='ocr_carea' id='block_1_2' title="bbox 196 2227 426 2232">
    <p class='ocr_par' dir='ltr' id='par_1_4' title="bbox 196 2227 426 2232">
     <span class='ocr_line' id='line_1_33' title="bbox 196 2227 426 2232; baseline 0 0"><span class='ocrx_word' id='word_1_282' title='bbox 196 2227 426 2232; x_wconf 95' lang='lat' dir='ltr'> </span> 
     </span>
    </p>
   </div>
   <div class='ocr_carea' id='block_1_3' title="bbox 194 2264 1541 2550">
    <p class='ocr_par' dir='ltr' id='par_1_5' title="bbox 295 2264 618 2304">
     <span class='ocr_line' id='line_1_34' title="bbox 295 2264 618 2304; baseline 0.003 -11"><span class='ocrx_word' id='word_1_283' title='bbox 295 2264 316 2302; x_wconf 87' lang='lat'>¹)</span> <span class='ocrx_word' id='word_1_284' title='bbox 338 2265 415 2294; x_wconf 86' lang='lat' dir='ltr'>Vide</span> <span class='ocrx_word' id='word_1_285' title='bbox 434 2274 503 2304; x_wconf 82' lang='lat' dir='ltr'>pag.</span> <span class='ocrx_word' id='word_1_286' title='bbox 525 2266 563 2295; x_wconf 90' lang='grc'>66</span> <span class='ocrx_word' id='word_1_287' title='bbox 575 2273 618 2302; x_wconf 83' lang='lat' dir='ltr'>sq.</span> 
     </span>
    </p>

    <p class='ocr_par' dir='ltr' id='par_1_6' title="bbox 194 2313 1540 2402">
     <span class='ocr_line' id='line_1_35' title="bbox 294 2313 1539 2353; baseline -0.001 -9"><span class='ocrx_word' id='word_1_288' title='bbox 294 2314 316 2352; x_wconf 82' lang='lat'>²)</span> <span class='ocrx_word' id='word_1_289' title='bbox 338 2314 397 2344; x_wconf 85' lang='lat' dir='ltr'>Per</span> <span class='ocrx_word' id='word_1_290' title='bbox 418 2315 592 2353; x_wconf 77' lang='lat' dir='ltr'>analogiam</span> <span class='ocrx_word' id='word_1_291' title='bbox 614 2315 688 2344; x_wconf 80' lang='lat' dir='ltr'>dicit</span> <span class='ocrx_word' id='word_1_292' title='bbox 707 2315 811 2345; x_wconf 83' lang='lat' dir='ltr'>rhetor</span> <span class='ocrx_word' id='word_1_293' title='bbox 831 2316 863 2345; x_wconf 86' lang='lat' dir='ltr'>in</span> <span class='ocrx_word' id='word_1_294' title='bbox 884 2316 942 2346; x_wconf 90' lang='lat' dir='ltr'>vol.</span> <span class='ocrx_word' id='word_1_295' title='bbox 964 2315 1008 2346; x_wconf 91' lang='lat' dir='ltr'>IV</span> <span class='ocrx_word' id='word_1_296' title='bbox 1029 2316 1095 2352; x_wconf 77' lang='lat'>804,</span> <span class='ocrx_word' id='word_1_297' title='bbox 1110 2315 1161 2344; x_wconf 81' lang='lat'>20:</span> <span class='ocrx_word' id='word_1_298' title='bbox 1183 2313 1217 2343; x_wconf 76' lang='grc' dir='ltr'>τὰ</span> <span class='ocrx_word' id='word_1_299' title='bbox 1238 2313 1377 2343; x_wconf 79' lang='grc' dir='ltr'><em>κάλλιστα</em></span> <span class='ocrx_word' id='word_1_300' title='bbox 1398 2313 1458 2343; x_wconf 78' lang='grc' dir='ltr'><em>τῶν</em></span> <span class='ocrx_word' id='word_1_301' title='bbox 1478 2313 1539 2344; x_wconf 82' lang='grc' dir='ltr'>πώ-</span> 
     </span>
     <span class='ocr_line' id='line_1_36' title="bbox 194 2360 1540 2402; baseline 0 -10"><span class='ocrx_word' id='word_1_302' title='bbox 194 2373 267 2392; x_wconf 84' lang='grc' dir='ltr'><em>ποτε</em></span> <span class='ocrx_word' id='word_1_303' title='bbox 288 2367 442 2402; x_wconf 81' lang='grc' dir='ltr'><em>τροπαίων</em></span> <span class='ocrx_word' id='word_1_304' title='bbox 464 2363 614 2400; x_wconf 79' lang='grc' dir='ltr'><em>ἇνείλετο;</em></span> <span class='ocrx_word' id='word_1_305' title='bbox 650 2364 689 2394; x_wconf 83' lang='lat' dir='ltr'>cf.</span> <span class='ocrx_word' id='word_1_306' title='bbox 711 2364 807 2394; x_wconf 91' lang='lat' dir='ltr'>Hom.</span> <span class='ocrx_word' id='word_1_307' title='bbox 830 2364 936 2401; x_wconf 85' lang='lat' dir='ltr'>Odyss.</span> <span class='ocrx_word' id='word_1_308' title='bbox 959 2364 1032 2394; x_wconf 90' lang='lat' dir='ltr'>XXI</span> <span class='ocrx_word' id='word_1_309' title='bbox 1055 2365 1122 2393; x_wconf 89' lang='lat'><strong>117:</strong></span> <span class='ocrx_word' id='word_1_310' title='bbox 1154 2362 1261 2393; x_wconf 71' lang='grc' dir='ltr'><em>ἀέθλια</em></span> <span class='ocrx_word' id='word_1_311' title='bbox 1281 2361 1345 2392; x_wconf 70' lang='grc' dir='ltr'><em>κάλ’</em></span> <span class='ocrx_word' id='word_1_312' title='bbox 1367 2360 1540 2392; x_wconf 75' lang='grc' dir='ltr'><em>ἀνελέσθαι.</em></span> 
     </span>
    </p>

    <p class='ocr_par' dir='ltr' id='par_1_7' title="bbox 293 2412 757 2443">
     <span class='ocr_line' id='line_1_37' title="bbox 293 2412 757 2443; baseline 0.004 -2"><span class='ocrx_word' id='word_1_313' title='bbox 293 2412 305 2429; x_wconf 78' lang='lat'><strong>³</strong></span> <span class='ocrx_word' id='word_1_314' title='bbox 337 2412 378 2441; x_wconf 89' lang='lat' dir='ltr'>Co</span> <span class='ocrx_word' id='word_1_315' title='bbox 419 2437 424 2443; x_wconf 93' lang='lat'>.</span> <span class='ocrx_word' id='word_1_316' title='bbox 554 2436 560 2443; x_wconf 93' lang='lat'>.</span> <span class='ocrx_word' id='word_1_317' title='bbox 618 2437 624 2443; x_wconf 86' lang='lat'><strong><em>.</em></strong></span> <span class='ocrx_word' id='word_1_318' title='bbox 751 2437 757 2443; x_wconf 92' lang='lat'>.</span> 
     </span>
    </p>

    <p class='ocr_par' dir='ltr' id='par_1_8' title="bbox 294 2412 749 2501">
     <span class='ocr_line' id='line_1_38' title="bbox 294 2412 749 2501; baseline 0.004 -11"><span class='ocrx_word' id='word_1_319' title='bbox 294 2412 317 2499; x_wconf 56' lang='grc' dir='ltr'><strong>ς</strong></span> <span class='ocrx_word' id='word_1_320' title='bbox 339 2413 554 2501; x_wconf 44' lang='lat' dir='ltr'>11:323:ss</span> <span class='ocrx_word' id='word_1_321' title='bbox 582 2422 616 2442; x_wconf 54' lang='lat'>⁰1</span> <span class='ocrx_word' id='word_1_322' title='bbox 647 2413 689 2441; x_wconf 58' lang='grc' dir='ltr'><em>Ἦ</em></span> <span class='ocrx_word' id='word_1_323' title='bbox 711 2414 749 2442; x_wconf 78' lang='lat'>⁹⁵</span> 
     </span>
    </p>

    <p class='ocr_par' dir='ltr' id='par_1_9' title="bbox 298 2508 1541 2550">
     <span class='ocr_line' id='line_1_39' title="bbox 298 2508 1541 2550; baseline 0.001 -11"><span class='ocrx_word' id='word_1_324' title='bbox 298 2510 321 2547; x_wconf 80' lang='lat'>⁵)</span> <span class='ocrx_word' id='word_1_325' title='bbox 343 2510 429 2541; x_wconf 84' lang='lat' dir='ltr'>conf.</span> <span class='ocrx_word' id='word_1_326' title='bbox 451 2512 532 2542; x_wconf 82' lang='lat' dir='ltr'>Eur.</span> <span class='ocrx_word' id='word_1_327' title='bbox 548 2512 598 2542; x_wconf 84' lang='lat' dir='ltr'>Or.</span> <span class='ocrx_word' id='word_1_328' title='bbox 620 2512 692 2541; x_wconf 84' lang='lat'>597:</span> <span class='ocrx_word' id='word_1_329' title='bbox 713 2510 818 2549; x_wconf 69' lang='grc' dir='ltr'><em>ἀλγεῖν</em></span> <span class='ocrx_word' id='word_1_330' title='bbox 839 2516 954 2550; x_wconf 81' lang='grc' dir='ltr'><em>φρένας</em></span> <span class='ocrx_word' id='word_1_331' title='bbox 974 2515 1005 2541; x_wconf 79' lang='lat' dir='ltr'>et</span> <span class='ocrx_word' id='word_1_332' title='bbox 1026 2512 1087 2548; x_wconf 86' lang='lat' dir='ltr'>Iph.</span> <span class='ocrx_word' id='word_1_333' title='bbox 1105 2511 1171 2540; x_wconf 84' lang='lat' dir='ltr'>Aul.</span> <span class='ocrx_word' id='word_1_334' title='bbox 1195 2510 1283 2539; x_wconf 83' lang='lat'><strong>1413:</strong></span> <span class='ocrx_word' id='word_1_335' title='bbox 1306 2508 1411 2548; x_wconf 74' lang='grc' dir='ltr'><em>ἀλγεῖν</em></span> <span class='ocrx_word' id='word_1_336' title='bbox 1432 2515 1541 2548; x_wconf 74' lang='grc' dir='ltr'><em>φρένα.</em></span> 
     </span>
    </p>
   </div>
   <div class='ocr_carea' id='block_1_4' title="bbox 254 2580 1425 2615">
    <p class='ocr_par' dir='ltr' id='par_1_10' title="bbox 254 2580 1425 2615">
     <span class='ocr_line' id='line_1_40' title="bbox 254 2580 1425 2615; baseline 0.006 -8"><span class='ocrx_word' id='word_1_337' title='bbox 254 2585 404 2615; x_wconf 78' lang='lat' dir='ltr'>Worner,</span> <span class='ocrx_word' id='word_1_338' title='bbox 426 2587 464 2611; x_wconf 76' lang='lat' dir='ltr'>De</span> <span class='ocrx_word' id='word_1_339' title='bbox 481 2588 589 2611; x_wconf 75' lang='lat' dir='ltr'>Libanii</span> <span class='ocrx_word' id='word_1_340' title='bbox 606 2588 704 2611; x_wconf 71' lang='lat' dir='ltr'>studiis</span> <span class='ocrx_word' id='word_1_341' title='bbox 721 2588 882 2612; x_wconf 79' lang='lat' dir='ltr'>Herodoteis</span> <span class='ocrx_word' id='word_1_342' title='bbox 1406 2580 1425 2608; x_wconf 83' lang='grc'><strong>6</strong></span> 
     </span>
    </p>
   </div>
  </div>
 </body>
</html>
