1848 2929
873 231 920 266 49

225 349 390 385 omnibus
418 342 658 393 scriptoribus
675 349 790 384 tradit
813 349 1029 392 Aethiopum
1055 349 1145 383 duas
1174 356 1253 382 esse
1276 348 1403 390 gentes
1421 345 1494 381 VII
1509 345 1571 380 70:

224 406 266 443 οἱ
295 407 371 453 μὲν
401 406 477 457 γὰρ
511 406 594 445 ἀπὸ
632 406 755 456 ἡλίου
780 406 1006 448 Αἰθίοπες
1041 403 1231 454 ἰθύτριχές
1255 403 1342 454 εἰσι,
1376 403 1418 440 οἱ
1452 404 1496 440 δὲ
1532 403 1575 439 ἐκ

224 467 298 515 τῆς
324 465 499 514 Λιβύης
525 465 718 503 οὐλότατον
742 467 909 515 τρίχωμα
933 464 1058 510 ἔχουσι
1083 463 1229 501 πάντων
1255 461 1475 512 ἀνθρώπων.

322 526 421 571 Quae
447 526 624 561 Libanius
658 526 695 561 in
730 536 780 561 or.
807 524 918 572 XH1)
945 526 992 560 99
1025 525 1119 569 petit
1154 535 1177 559 a
1203 524 1269 559 deo
1302 521 1463 570 Χρόνος;
1498 519 1574 569 τὴν

224 581 335 632 ζωήν
361 584 453 631 (scil.
472 585 525 631 τῷ
540 584 685 631 βασιλεῖ
701 582 903 631 Ἰουλιανῷ)
929 583 1023 632 ὑπὲρ
1049 581 1121 619 τὸν
1146 581 1248 631 ὅρον
1272 582 1350 618 τοῦ
1374 579 1573 621 Σόλωνος

224 642 313 685 ἕλκε,
339 644 428 679 haec
453 643 647 679 referenda
673 647 757 679 sunt
782 644 828 679 ad
852 643 996 679 Solonis
1022 644 1135 679 verba
1161 642 1257 687 apud
1282 642 1368 677 Her.
1397 641 1416 676 Ι
1442 641 1505 676 32;
1534 638 1572 681 ἐς

225 699 291 750 γάρ
318 700 563 750 ἑβδομήκοντα
594 700 675 738 ε’ἶιεα
708 696 836 750 οὖρον
866 703 941 749 τῆς
967 699 1068 749 ζόης
1093 699 1119 736 ἀ
1127 699 1314 749 νθρώπῳ
1349 698 1571 748 προτίθημι,

221 760 434 804 praesertim
468 771 547 796 cum
577 760 642 796 illo
673 760 753 796 loco
778 760 956 796 Libanius
983 760 1120 796 duobus
1150 759 1279 795 iisdem
1305 758 1430 795 verbis
1461 761 1570 802 atque

221 818 426 855 Herodotus
452 821 576 855 utatur
601 816 704 867 (ὅρον
722 839 768 844 -
787 813 906 866 οὖρον,
934 816 1029 867 ζωήν
1047 839 1093 843 -
1112 816 1223 866 ζόης).

318 877 362 912 In
395 888 446 913 or.
473 877 603 914 XVIII
629 878 699 913 228
733 882 860 913 narrat
889 877 1067 913 Libanius
1099 877 1242 913 Iuliano
1277 879 1405 912 contra
1435 876 1570 912 Persas

221 935 466 980 proficiscenti
491 936 664 982 Assyrios
695 936 733 971 in
758 938 847 972 urbe
872 937 1026 980 quadam
1053 939 1280 981 oppugnatos
1306 946 1345 971 se
1370 946 1442 971 non
1468 934 1569 971 dedi-

221 994 317 1030 disse
343 994 416 1030 nisi
442 1006 485 1030 ea
511 995 736 1039 condicione,
768 998 808 1030 ut
833 1006 877 1030 ne
909 1006 953 1030 ex
983 998 1089 1039 pacto
1117 995 1260 1037 quidem
1285 994 1409 1030 Persis
1441 995 1568 1029 redde—

219 1056 354 1097 rentur,
382 1052 551 1097 quoniam
577 1053 745 1088 timerent
769 1051 836 1094 τὰς
861 1051 948 1100 παρ’
973 1051 1125 1094 ἐκείνοις
1153 1050 1299 1100 δοράς,
1332 1052 1461 1097 quibus
1487 1062 1568 1088 ver-

220 1111 276 1147 bis
303 1111 448 1148 videtur
481 1112 696 1156 significari,
733 1113 828 1155 quod
855 1112 1059 1147 Herodotus
1087 1112 1201 1146 tradit
1228 1112 1260 1148 V
1278 1112 1324 1147 25
1353 1111 1566 1156 Cambysem

220 1168 418 1204 Sisamnem
450 1169 503 1203 ita
528 1169 731 1212 necavisse,
767 1173 807 1204 ut
837 1169 973 1204 corium
1000 1170 1044 1203 de
1078 1169 1154 1204 eius
1186 1179 1335 1212 corpore
1362 1169 1564 1212 detegeret:

219 1224 405 1275 Σισάμνην
430 1224 601 1273 βασιλεὺς
617 1225 822 1275 Καμβύσης
852 1248 893 1253 -
922 1225 1065 1275 σφάξας
1090 1225 1300 1275 ἀπέδειρε
1326 1228 1467 1263 πᾶσαν
1492 1225 1567 1275 τὴν

219 1283 468 1333 ἀνθρωπῆν.

317 1343 407 1379 Tum
433 1344 527 1388 quod
552 1344 676 1380 rhetor
702 1344 740 1379 in
765 1344 833 1380 illa
859 1344 1121 1380 declamatione
1147 1342 1223 1379 κατ’
1242 1342 1422 1389 Αἰσχίνου
1449 1344 1564 1381 πυλα-

220 1401 328 1451 γόρου
358 1403 552 1448 inscripta,
587 1403 625 1438 in
656 1414 727 1447 qua
760 1404 962 1448 complures
999 1404 1200 1439 sententias
1226 1404 1409 1439 Herodoto
1443 1405 1566 1439 deberi

220 1462 291 1496 iam
317 1472 427 1505 supra
445 1462 770 1498 demonstravimus
781 1461 819 1508 ²),
838 1462 1058 1497 conclamat:
1087 1461 1106 1497 ὁ
1123 1463 1194 1497 τῶν
1211 1461 1388 1510 Ἑλλήνων
1412 1461 1567 1510 ὄλεθρος

220 1519 257 1556 ἐν
291 1518 435 1561 Πύλαις
466 1518 597 1566 σεμνὸς
642 1518 743 1566 ἐγγυς
780 1522 856 1556 τοῦ
889 1520 1118 1558 Λεωνίδου
1149 1519 1287 1569 τάφου
1326 1522 1430 1567 (decl.
1458 1522 1566 1558 XVII

220 1580 240 1623 ξ
267 1578 340 1624 66),
378 1579 446 1614 hoc
480 1582 515 1614 et
547 1579 664 1623 ipsum
698 1580 745 1615 ad
769 1580 992 1615 Herodotum
1023 1583 1187 1624 spectare
1213 1583 1315 1624 puto,
1353 1579 1414 1623 qui
1439 1583 1567 1615 narrat

218 1637 289 1674 VII
317 1637 387 1673 228
415 1648 490 1682 eos,
528 1637 590 1682 qui
617 1638 663 1674 ad
689 1638 952 1685 Thermopylas
977 1638 1253 1684 pugnavissent,
1288 1638 1448 1683 sepultos
1474 1649 1563 1683 esse,

218 1696 280 1731 ubi
311 1696 528 1732 cecidissent
559 1696 763 1744 (θαφθεῖσι
790 1697 836 1734 δέ.
857 1710 947 1745 σφιν
973 1696 1086 1733 αὐτοῦ
1110 1696 1234 1745 ταύτῃ,
1266 1698 1379 1745 τῇπερ
1405 1696 1564 1740 ἐῐτεσον).

317 1754 360 1789 In
387 1766 441 1799 ep.
461 1755 533 1790 564
560 1756 606 1791 ad
631 1755 937 1792 Fortunatianum
963 1756 1075 1792 missa
1100 1756 1277 1792 Libanius
1304 1756 1411 1792 dicit:
1439 1757 1506 1793 Σοὶ
1533 1754 1566 1792 δ’

218 1812 252 1848 εἰ
268 1812 334 1858 μὲν
359 1812 446 1849 ἀνθ’
464 1813 563 1861 ἡμῶν
590 1813 697 1862 ἀρκεῖ
712 1813 758 1850 τὰ
777 1815 919 1863 δένδρα,
947 1814 1073 1852 σκόπει
1091 1813 1184 1862 πρὸς
1210 1813 1370 1857 σεαυτὸν,
1397 1814 1431 1849 εἰ
1447 1815 1565 1856 καλῶς

217 1869 329 1919 ἀρκεῖ.
373 1871 407 1907 εἰ
432 1872 472 1909 δὲ
497 1872 557 1909 καὶ
586 1871 607 1921 ἦ
631 1875 708 1909 τοῦ
734 1872 892 1923 Μήδου
917 1872 1133 1915 πλάτανος
1159 1872 1309 1921 δευτέρα
1334 1875 1407 1909 τῶν
1432 1873 1562 1922 φίλων,

218 1929 309 1977 ἔργῳ
336 1931 475 1975 deig-‘om
511 1932 600 1967 haec
627 1933 714 1976 quid
739 1933 811 1969 sibi
841 1933 969 1977 velint,
1001 1944 1071 1968 non
1097 1932 1322 1976 intellegitur
1348 1932 1420 1967 nisi
1446 1943 1491 1967 ex
1517 1933 1564 1968 iis

219 1998 311 2032 quae
332 1989 486 2033 legimus
513 1991 609 2035 apud
626 1991 713 2027 Her.
732 1991 805 2029 VII
822 1992 885 2027 31:
912 1990 1046 2039 ταύτην
1073 1989 1135 2026 ἰῶν
1162 1990 1180 2025 ὁ
1200 1988 1363 2038 Ξέρξης
1387 1988 1452 2039 τὴν
1477 1989 1563 2028 ὁδὸν

218 2047 266 2092 (h.
281 2047 304 2082 l.
333 2045 382 2088 ὠς
407 2047 446 2083 ἐκ
470 2050 534 2096 τῆς
562 2049 722 2097 Φρυγίης
748 2049 918 2096 ἐσέβαλεν
945 2049 982 2091 ἐς
1006 2048 1069 2097 τὴν
1086 2048 1248 2096 Λυδίην)
1274 2043 1372 2096 εὗρε
1398 2048 1562 2093 πλατά-

218 2118 380 2148 νιστον,
418 2104 493 2154 τὴν
530 2105 682 2150 κάλλεος
720 2106 836 2145 εἵνεκα
874 2107 1177 2157 δωρησάμενος
1214 2105 1355 2153 κόσμῳ
1395 2106 1561 2155 χρυσέῳ

218 2164 289 2200 καὶ
322 2167 542 2212 μελεδωνῷ
575 2165 783 2214 ἀθανάτῳ
818 2166 947 2216 ἀνδρὶ
983 2167 1226 2215 ἐπιτρέψας
1261 2187 1305 2192 -
1339 2165 1491 2202 ἀπίκετο
1525 2166 1563 2208 ἐς

217 2223 288 2258 τῶν
313 2225 451 2260 Λυδῶν
476 2222 518 2259 τό
543 2223 636 2262 ἄστυ
646 2225 684 2272 ³).

319 2330 340 2367 ¹)
360 2331 543 2362 Inscribitm·
564 2336 617 2366 Εἰς
632 2331 801 2363 Ἰουλιανὸν
822 2332 1028 2371 αὐτοκράτορα
1051 2331 1172 2362 ὕπατον.

317 2378 339 2415 ²)
360 2379 439 2409 Vide
458 2389 528 2419 pag.
544 2381 671 2410 23—27.

315 2426 338 2465 ⁸)
365 2428 559 2459 Aelianum
588 2430 625 2460 de
653 2430 757 2460 eadem
785 2430 909 2468 platano
938 2432 1110 2459 narrantem
1139 2437 1200 2458 var.
1223 2428 1293 2458 hist.
1320 2428 1352 2457 ΙΙ
1374 2429 1411 2458 14
1440 2429 1564 2468 (ἐξῆψεν

220 2473 309 2512 αὒῐῆς
329 2474 473 2517 κόσμον
495 2478 571 2516 [scil.
586 2479 637 2517 τῆς
655 2478 820 2518 πλατάνου]
842 2482 893 2509 καὶ
912 2477 1123 2518 μελεδωνὸν
1137 2477 1211 2516 αὐτῇ
1230 2479 1398 2517 κατέλιπεν)
1421 2483 1453 2509 et
1466 2481 1564 2517 ipsum

217 2532 254 2552 ex
275 2525 428 2555 Herodoto
448 2527 577 2563 pendere
601 2531 684 2564 puto.
712 2550 715 2553 .

277 2590 428 2621 warner,
451 2592 489 2616 De
506 2593 615 2618 Libanii
632 2595 729 2618 studiis
746 2595 906 2619 Herodotum
1429 2589 1447 2616 4
