1848 2929
955 207 1002 242 56

391 321 753 371 *ἕκβράσσεσθαι
790 324 842 370 (in
870 324 955 360 litus
982 324 1059 366 eici)
1096 322 1231 360 dicitur
1263 325 1311 360 ab
1347 327 1499 368 utroque
1534 324 1650 369 scrip-

294 387 372 418 tore
419 383 463 417 de
508 382 657 418 navium
701 382 933 426 fragmentis,
985 384 1032 418 ab
1076 383 1261 418 Herodoto
1296 382 1367 419 VII
1395 383 1483 417 188:
1537 380 1577 417 αἱ
1611 382 1650 419 δὲ

297 440 392 486 (scil.
421 438 514 483 νέες)
540 439 578 481 ἐς
604 440 811 486 Μελίβοιαν
836 438 956 482 πόλιν,
983 439 1022 477 αἱ
1049 441 1088 477 δὲ
1115 440 1153 481 ἐς
1175 441 1419 488 Κασθαναίην
1445 438 1651 488 ἐξεβράσ-

295 512 423 535 σοντο
465 503 501 535 et
541 499 613 536 VII
642 500 729 536 190:
770 497 992 544 Ἀμεινοκλεῖ
1027 521 1074 526 -
1110 498 1277 547 μεγάλως
1313 498 1334 547 ἦ
1371 499 1522 547 ναυηγίη
1559 498 1651 547 αὕτη

295 557 435 604 ἐγένετο
471 557 626 605 χρηστή·
663 555 704 598 ὃς
739 556 857 593 πολλὰ
892 557 959 603 μὲν
992 556 1128 606 χρύσεα
1163 557 1323 606 ποτήρια
1357 556 1497 606 ὑστέρῳ
1533 556 1650 606 χρόνῳ

293 614 623 664 ἐκβρασσόμενα
657 614 820 652 α’νείλετο
856 620 893 652 et
925 627 948 652 a
970 616 1129 652 Libanio
1164 617 1235 653 vol.
1263 617 1315 653 IV
1334 616 1416 661 639,
1435 616 1525 652 5R:
1562 615 1650 661 ἐξε-

292 673 468 723 βράσθη
508 674 601 721 (scil.
632 672 777 723 ἡγυνη)
816 673 871 715 εἰς
902 672 965 711 τὸν
995 673 1120 717 τόπον,
1155 674 1192 711 ἐν
1225 669 1255 722 ᾧ
1288 670 1330 723 ἧν
1355 674 1375 711 ὁ
1407 672 1508 723 ἀνὴρ.
1562 675 1651 720 (Sed

295 733 405 768 etiam
442 734 481 768 in
518 733 782 769 declamatione
815 731 1082 781 Δημοσθένους
1112 731 1292 780 ἀπολογία
1325 733 1518 779 inscripta,
1559 743 1650 778 quae

293 796 414 829 utrum
427 792 579 829 Libanii
596 792 647 829 sit
660 803 772 829 necne
786 793 932 829 dubium
951 796 1015 838 est,
1030 792 1101 830 vol.
1111 793 1164 830 IV
1174 793 1256 838 300,
1271 794 1357 829 14R
1366 792 1431 841 [VI
1442 792 1650 840 402‚10F]:

293 850 417 899 ὥσπερ
445 850 482 887 οἱ
513 850 632 887 πολλοὶ
663 850 864 899 ἑωρακότες
895 851 1048 897 ναυάγια
1080 853 1152 887 τῶν
1184 851 1471 899 παραπλεόντων
1501 850 1555 892 εἷς
1587 850 1652 892 τοῖς

294 908 420 957 ἠιόνας
447 908 790 958 ἐκβεβρασμένα,
817 910 884 946 hoc
902 911 1050 946 verbum
1068 910 1254 947 Herodoto
1281 909 1405 947 deberi
1431 913 1537 955 put03
1568 920 1651 946 nam

293 969 562 1006 substantivum
587 968 773 1015 ναυάγια
799 969 976 1005 Herodoti
1002 969 1231 1005 substantivo
1258 969 1444 1016 ναυηγίη
1468 969 1542 1006 VII
1570 969 1650 1013 190,

294 1037 363 1070 quo
391 1027 429 1062 in
456 1027 577 1071 capite
595 1028 745 1063 verbum
772 1025 1042 1074 ἕκβράσσεσθαι
1070 1030 1201 1071 exstat,
1228 1027 1449 1072 respondet.)
1499 1027 1652 1062 Praeter

293 1088 483 1129 utrumque
515 1084 730 1130 scriptorem
756 1086 906 1122 verbum
940 1084 1212 1133 ἐκβράσσεσθαι
1245 1086 1525 1130 deprehenditur
1555 1086 1651 1130 apud

292 1143 420 1179 Diod.
449 1143 520 1179 Sic.
539 1143 630 1180 XIV
647 1144 695 1179 68
722 1147 758 1178 et
784 1144 880 1188 apud
906 1143 1183 1190 Aelianuml).

396 1200 584 1238 ἐλινύειν
611 1200 662 1247 (=
680 1202 830 1247 morari;
858 1201 971 1238 Suid.
992 1213 1081 1238 s.v.:
1109 1200 1312 1250 βραδύνειν,
1332 1200 1537 1250 ἡσυχάζειν)
1556 1202 1651 1247 apud

295 1261 493 1297 Libanium
519 1262 802 1306 deprehenditur
832 1262 871 1297 in
902 1273 954 1298 or.
978 1262 1109 1297 XXXI
1137 1263 1198 1297 13:
1232 1260 1298 1305 οὐχ
1323 1259 1447 1308 ὥσπερ
1474 1259 1581 1303 εἰκὸς,
1613 1260 1652 1296 ἐκ

295 1319 416 1357 πόνων
450 1318 515 1356 ἐπὶ
551 1319 735 1368 ῥᾳστώνην
768 1318 887 1360 εὐθὺς
920 1318 1181 1367 ἀποπηδῶσιν,
1218 1317 1296 1356 ἀλλ’
1331 1318 1553 1357 ἐλινύουσι
1593 1319 1651 1356 καὶ

297 1379 641 1428 προσδιατρίβουσι.
703 1379 751 1415 Et
786 1380 854 1416 hoc
889 1381 1039 1416 verbum
1078 1380 1126 1416 ad
1160 1380 1384 1416 Herodotum
1422 1379 1651 1415 referendum

297 1449 376 1473 esse
411 1448 556 1480 censeo,
607 1437 741 1482 quippe
779 1438 841 1480 qui
875 1448 916 1472 eo
952 1440 1077 1472 utatur
1116 1437 1135 1472 I
1162 1438 1208 1472 67
1243 1447 1398 1472 narrans
1436 1438 1479 1472 de
1511 1436 1652 1472 ossibus

296 1495 439 1532 Orestis
466 1498 503 1532 et
529 1495 572 1532 de
591 1495 832 1541 Tegeatarum
860 1499 896 1532 et
918 1495 1187 1541 Spartiatarum
1213 1495 1321 1541 bello,
1348 1496 1395 1532 ad
1421 1506 1513 1540 quae
1538 1495 1651 1532 Liba-

296 1555 394 1590 nium
413 1555 659 1599 compluribus
683 1555 774 1590 locis
801 1554 962 1590 alludere
979 1555 1137 1594 vidimus
1149 1554 1186 1601 ²).
1218 1554 1391 1599 Legimus
1409 1558 1529 1590 autem
1556 1555 1652 1598 apud

296 1614 383 1648 Her.
411 1613 430 1648 I
457 1613 520 1648 67:
555 1610 641 1652 τοὺς
673 1615 731 1649 δεῖ
754 1614 883 1648 τοῦτον
907 1611 969 1649 τόν
994 1610 1173 1655 ἐνιαυτόν,
1206 1611 1267 1649 τὸν
1292 1610 1335 1649 ἂν
1360 1611 1485 1657 ἐξίωσι
1517 1611 1556 1648 ἐκ
1580 1614 1652 1648 τῶν

295 1670 457 1716 ἱππέων,
494 1671 756 1720 Σπαρτιητέων
789 1673 842 1718 τῷ
877 1672 986 1718 κοινῷ
1022 1671 1347 1716 διαπεμπομένους
1378 1669 1430 1719 μη
1448 1670 1652 1708 ’ἐλινύειν

296 1729 428 1770 ἄλλους
461 1728 562 1777 ἄλλῃ.
614 1730 684 1766 Sed
712 1730 820 1765 etiam
849 1734 971 1766 exstat
997 1731 1093 1774 apud
1119 1730 1205 1765 Her.
1233 1730 1306 1766 VII
1332 1730 1395 1764 56:
1436 1729 1541 1776 διέβη
1567 1729 1607 1765 δὲ
1632 1728 1651 1765 ὁ

298 1786 452 1836 στρατὸς
477 1786 590 1824 αὐτοῦ
616 1787 653 1823 ἐν
680 1786 774 1824 ἑπτὰ
800 1786 955 1837 ἡμέρῃσι
986 1788 1045 1824 καὶ
1072 1787 1108 1824 ἐν
1134 1786 1227 1824 ἑπτὰ
1252 1785 1483 1837 εὐφρόνῃσιν,
1511 1786 1652 1825 ἐλινύ-

297 1860 375 1887 σας
417 1845 546 1884 οὐδένα
588 1845 718 1895 χρόνον
757 1852 793 1883 et
831 1848 922 1884 VIII
950 1849 1012 1883 71:
1061 1847 1232 1884 ἐλίνυον
1278 1845 1408 1883 οὐδένα
1447 1847 1576 1895 χρόνον
1617 1846 1652 1883 οἱ

297 1904 549 1953 βοηθήσαντες
575 1904 807 1953 ἐργαζόμενοι
835 1904 917 1941 οὔτε
940 1904 1066 1946 νυκτός
1089 1903 1172 1941 οὔτε
1198 1903 1344 1953 ἡμέρης.
1380 1906 1487 1950 Apud
1512 1906 1652 1950 Hippo-

298 1967 434 2000 cratem
470 1964 538 1999 hoc
571 1965 721 2000 verbum
754 1974 863 2009 saepe
900 1967 1038 2009 exstat3
1082 1963 1219 2009 legitur
1252 1963 1362 2000 etiam
1398 1965 1494 2009 apud
1526 1968 1653 2010 poetas

298 2023 399 2060 velut
425 2023 522 2068 apud
548 2023 692 2059 Aesch.
711 2023 830 2059 Prom.
846 2024 903 2058 53.
914 2024 996 2058 527.
1025 2023 1504 2067 Aristoph.'1¹hesm.598.
1532 2024 1650 2059 Pind.

298 2082 442 2128 Olymp.
461 2082 494 2118 V
514 2082 551 2125 1;
580 2081 705 2117 Isthm.
734 2082 771 2116 II
798 2082 861 2125 413
888 2081 990 2117 Nem.
1010 2082 1042 2118 V
1064 2083 1094 2116 1.
1131 2081 1305 2117 Theocr.
1333 2082 1369 2117 X
1391 2083 1449 2117 51.
1485 2082 1650 2118 Gallim.

297 2141 418 2187 hymn.
447 2140 485 2176 in
512 2140 590 2177 Cer.
610 2140 657 2175 47
698 2143 734 2175 et
761 2151 805 2176 ex
838 2139 1103 2184 posterioribus
1136 2140 1315 2185 prosaicis
1349 2142 1445 2186 apud
1477 2141 1651 2177 Plutar-

298 2200 417 2235 chum
442 2199 549 2235 Num.
571 2199 618 2234 14
644 2202 681 2234 et
707 2198 884 2244 Dionys.
913 2198 1052 2234 Halic.
1080 2199 1098 2234 I
1124 2199 1181 2234 33.

397 2256 823 2306 *ἐξανδραποδίζειν
866 2257 921 2303 (=
953 2258 991 2292 in
1022 2258 1215 2294 servitutem
1244 2259 1424 2304 rediqere).
1484 2258 1527 2293 In
1561 2258 1650 2295 decl.

300 2317 374 2352 XII
402 2317 445 2352 21
466 2317 499 2352 F
524 2316 705 2352 Libanius
732 2316 841 2351 dicit:
870 2315 1304 2364 ἐξανδραποδίζομαι
1330 2318 1389 2353 καὶ
1415 2316 1651 2365 παραδίδωμι

299 2375 448 2420 δέσμιον
475 2374 643 2419 ἐμαυτόν,
676 2386 745 2418 quo
777 2375 857 2409 loco
888 2375 955 2410 hoc
982 2377 1130 2411 verbum
1163 2386 1276 2418 aeque
1307 2379 1415 2419 atque
1441 2376 1536 2419 apud
1564 2376 1649 2410 Her.

400 2473 420 2509 ¹)
442 2472 519 2502 Vide
540 2472 682 2500 Schmid
711 2472 729 2501 l.
745 2480 769 2500 c.
792 2470 911 2500 v01.111
933 2480 960 2508 p.
979 2472 1042 2501 172.

398 2522 421 2559 ²)
442 2521 520 2552 Vide
539 2530 608 2558 pag.
630 2522 668 2550 43
680 2529 723 2557 sq.
