1848 2929
831 191 872 226 19

178 307 266 342 decl.
295 307 349 342 XI
383 307 403 352 ξ
430 308 469 342 2;
507 306 549 342 τι)
579 307 644 352 μὲν
678 303 740 344 οὖν
770 308 913 354 βέλτιον
942 303 981 355 ἦν
1013 329 1056 333 —-
1077 329 1122 332 ——
1154 305 1218 354 τὴν
1245 305 1358 354 αὐτὴν
1385 311 1521 342 Κυναι-

178 363 284 412 γείρῳ
319 378 357 399 τε
388 365 446 400 καὶ
473 364 694 411 Καλλιμάχῳ
726 364 907 411 δέξασθαι
940 364 1106 412 τελευτήν
1139 368 1307 409 spectans
1339 365 1385 399 ad
1416 364 1521 398 illum

177 422 393 468 Cynegirum
428 427 463 459 et
506 425 550 460 ad
586 424 844 461 Callimachum
879 424 980 460 illum
1014 424 1296 469 polemarchum,
1344 434 1433 467 quos
1475 423 1522 458 ad

176 481 423 517 Marathonem
457 486 659 528 pugnantes
693 483 867 519 cecidisse
900 483 1054 528 legimus
1091 483 1186 527 apud
1221 483 1307 518 Her.
1327 482 1379 518 VI
1400 482 1468 517 114
1482 481 1518 528 ¹).

178 540 267 574 Tum
287 540 324 574 in
351 541 370 585 ξ
389 542 411 575 3
438 541 615 576 Libanius
633 542 808 585 loquitur:
837 540 910 588 ἥκει
930 539 1014 582 τούς
1040 540 1153 576 αὑτοῦ
1171 540 1371 588 προγόνους
1390 541 1520 584 Κίμων

176 596 299 635 οὐτοσὶ
341 599 541 644 καταλέξων
578 599 788 641 Μιλτιάδας
830 599 889 636 καὶ
925 598 1156 648 Στησαγόρας
1168 598 1194 646 2)
1237 600 1296 636 καὶ
1334 597 1519 644 Κίμωνας,

178 656 270 702 μέγα
312 658 550 694 πεπίστευκεν
583 657 678 702 ἔχειν
720 658 773 699 εἰς
813 658 854 694 τὸ
897 662 1019 695 πεῖσαι
1065 657 1128 705 τήν
1168 658 1408 706 Χερρόνησον,
1453 656 1519 692 οὐκ

177 713 325 752 ἔλαττον
356 714 419 764 τήν
446 718 608 765 Λῆμνον,
647 714 687 765 ἢν
717 719 781 765 τῆς
814 715 955 757 πόλεως
989 715 1136 764 ἐποίησε
1170 717 1283 765 σοφίᾳ
1309 714 1520 762 Πελασγοὺς

176 774 355 821 ἕκβαλώνς
413 777 501 812 haec
536 780 571 812 et
614 777 694 821 ipsa
733 788 777 813 ex
811 777 993 813 Herodoto
1030 776 1191 812 delibata
1233 779 1331 821 sunt,
1372 776 1433 820 qui
1467 775 1520 813 VI

175 834 318 868 34—39
358 835 401 868 de
436 834 594 869 Cimonis
631 835 845 879 maioribus,
885 836 918 869 h.
939 846 967 869 e.
1004 836 1047 869 de
1081 835 1247 869 Miltiade
1283 835 1435 877 maiore,
1476 835 1519 868 de

174 892 319 928 Cimone
344 893 490 938 maiore,
518 894 561 929 de
587 893 792 939 Stesagora,
826 894 868 929 de
895 893 1061 929 Miltiade
1087 893 1224 929 minore
1250 892 1374 928 tradit.
1428 892 1519 928 Eos-

175 951 252 985 dem
271 951 428 986 Cimonis
455 952 609 987 maiores
627 952 805 987 Libanius
832 955 1017 987 enumerat
1043 952 1080 986 in
1108 952 1230 986 eadem
1256 951 1518 986 declamatione

175 1009 194 1052 ξ
222 1009 265 1043 31
295 1010 347 1043 ed.
367 1009 425 1043 R:
465 1009 621 1053 Κίμωνα
653 1007 715 1045 τὸν
746 1008 957 1046 ΖΙἸιλτιάδου
990 1011 1054 1044 τοῦ
1086 1010 1255 1053 Κίμωνος
1292 1009 1358 1044 τοῦ
1383 1012 1519 1055 Στησα-

173 1065 290 1114 γόρου.
342 1067 476 1103 Dicens
511 1067 600 1113 μέγα
632 1067 870 1104 πεπίστευκεν
895 1065 990 1111 ἔχειν
1022 1066 1075 1107 εἰς
1109 1065 1145 1102 ιδ
1178 1069 1303 1103 πεῖσαι
1336 1065 1400 1114 τήν
1428 1071 1520 1115 Χερ-

173 1125 324 1171 ρόνησον
348 1126 533 1169 significat
551 1126 810 1161 Chersonesum
829 1137 851 1160 a
868 1126 1035 1160 Miltiade
1054 1127 1240 1160 subactam
1260 1125 1359 1171 (Her.
1375 1126 1427 1161 VI
1446 1126 1518 1170 39).

175 1183 464 1219 Commemorans
482 1184 646 1231 Λῆμνον,
674 1181 714 1232 ἢν
739 1185 803 1231 τῆς
830 1182 971 1224 πόλεως
998 1182 1147 1231 ἐποίησε
1174 1182 1286 1231 σοφίᾳ
1310 1181 1520 1229 Πελασγοὺς

175 1240 333 1287 ἐκβαλών
383 1243 419 1276 in
471 1243 590 1278 animo
634 1244 757 1287 habet,
811 1244 904 1286 quod
947 1243 1249 1277 Halicarnasseus
1293 1246 1419 1277 narrat
1468 1242 1521 1278 VI

178 1300 369 1336 139—140
394 1300 585 1346 Pelasgos,
618 1301 679 1345 qui
712 1304 819 1336 antea
844 1301 1018 1336 Lemnum
1045 1300 1296 1345 obtinuissent,
1331 1310 1410 1335 cum
1442 1311 1520 1335 sese

175 1359 472 1403 Atheniensibus,
513 1361 544 1395 si
581 1361 686 1396 navis
723 1362 832 1395 borea
863 1371 929 1395 usa
967 1371 1036 1395 uno
1069 1360 1126 1394 die
1166 1371 1210 1395 ex
1244 1360 1388 1394 illorum
1423 1363 1521 1394 terra

175 1417 347 1452 Lemnum
366 1418 590 1463 accessisset,
620 1419 773 1454 insulam
793 1419 992 1454 tradituros
1019 1429 1097 1454 esse
1118 1418 1201 1453 olim
1220 1418 1377 1462 polliciti
1401 1422 1521 1453 essent

173 1476 246 1511 rati
279 1477 346 1512 hoc
377 1477 457 1512 fieri
491 1488 559 1512 non
594 1488 714 1521 posse,
753 1489 774 1512 a
800 1477 967 1512 Miltiade
1001 1488 1019 1512 e
1046 1477 1284 1519 Chersoneso,
1318 1487 1409 1520 quae
1443 1480 1519 1512 tum

175 1534 448 1570 Atheniensium
476 1535 617 1580 fuisset,
652 1535 815 1579 profecto
844 1536 1012 1579 expulsos
1039 1546 1126 1570 esse.
1157 1556 1201 1559 —
1229 1535 1314 1570 Cum
1342 1535 1520 1569 Libanius

174 1593 211 1628 in
243 1594 263 1639 ξ
290 1594 312 1629 6
339 1594 520 1630 Cimonem
546 1594 831 1639 interrogantem
862 1594 969 1639 fingit
994 1593 1050 1634 τίς
1078 1593 1186 1630 δώσει
1214 1591 1433 1641 πεντήκοντα
1460 1592 1519 1629 τά-

176 1654 306 1693 λαντα;
333 1653 370 1687 in
397 1653 516 1688 animo
535 1654 645 1687 habet
671 1664 724 1696 ea,
753 1663 843 1696 quae
861 1653 1066 1687 Herodotus
1092 1656 1346 1687 commemorat
1364 1653 1416 1688 VI
1434 1653 1516 1687 136:

172 1701 418 1758 ζημιώσαντος
450 1710 490 1748 δὲ
525 1711 616 1758 (scil.
645 1713 710 1747 τοῦ
735 1710 851 1759 δήμου
882 1709 943 1747 τόν
971 1710 1196 1754 Μιλτιάδεα)
1230 1709 1318 1747 κατὰ
1349 1709 1412 1759 τὴν
1437 1709 1518 1747 οἷδι-

171 1769 251 1815 κίῃν
288 1768 507 1816 πεντήκοντα
540 1770 745 1805 ταλάντοισι
781 1773 854 1805 κτλ.
914 1770 926 1813 (
933 1771 1002 1805 Sed
1039 1771 1257 1814 „Miltiadem
1294 1772 1340 1805 in.
1369 1772 1517 1806 vinculis

170 1831 341 1862 mortuum
378 1839 463 1872 esse,
503 1829 541 1863 id
574 1829 664 1872 quod
696 1828 826 1864 exhibet
859 1828 1032 1863 Libanius
1065 1829 1147 1863 decl.
1184 1828 1211 1862 I
1239 1828 1263 1873 ,ξ
1291 1831 1361 1863 155
1400 1826 1419 1863 ὁ
1453 1827 1519 1872 μὲν

173 1884 381 1932 Μιλτιάδης
415 1886 602 1930 δεδεμένος
639 1885 882 1934 ἅπέθνησκεν,
921 1898 1028 1931 neque
1060 1887 1258 1922 Herodotus
1296 1888 1418 1930 tradit,
1457 1888 1518 1931 qui

179 1943 235 1978 VI
257 1946 328 1979 136
357 1944 554 1980 Miltiadem
580 1956 707 1991 magna
732 1946 881 1990 pecunia
912 1945 1072 1981 solvenda
1107 1946 1290 1981 multatam
1318 1945 1411 1981 brevi
1437 1949 1517 1990 post

171 2003 259 2038 diem
295 2014 491 2048 supremum
528 2004 652 2039 obiisse
686 2007 810 2039 narrat
845 2015 952 2049 neque
987 2003 1112 2040 Plat0“
1156 2003 1395 2050 [Markowski
1433 2004 1456 2038 l.
1483 2014 1511 2039 c.

171 2073 205 2106 p.
228 2061 343 2108 113.])
395 2062 437 2097 In
468 2063 488 2107 ἓ
515 2063 536 2097 9
568 2062 692 2097 rhetor
718 2062 824 2098 dicit:
861 2060 927 2097 οὐκ
958 2060 1055 2098 ἔστιν
1091 2062 1223 2101 ἐκεῖνος
1250 2060 1463 2109 Μιλτιάδης
1497 2061 1515 2097 ὁ

173 2118 328 2165 πέμπων
359 2119 411 2161 εἰς
436 2120 607 2168 Σπάρτην
637 2119 699 2157 τὸν
728 2121 956 2168 Φιλιππίδην
987 2119 1064 2157 οὐδ’
1092 2119 1110 2155 ὁ
1136 2122 1254 2156 καλῶν
1280 2123 1516 2166 Λακεδαιμο-

172 2178 271 2218 νίους
305 2177 381 2216 οὔδ’
415 2178 434 2214 ὁ
465 2178 667 2224 μελλόντων
696 2179 833 2228 τρέχων
871 2178 951 2216 οὐδ’
981 2178 999 2216 ὁ
1034 2175 1200 2228 μυρίους’
1220 2179 1315 2226 ἅγιον
1354 2179 1418 2216 ἐπὶ
1451 2179 1516 2221 τοίς

271 2287 290 2324 ¹)
313 2287 398 2316 Conf.
421 2287 591 2317 Polemonis
611 2287 681 2317 illas
700 2287 776 2317 duas
797 2288 833 2317 de
856 2288 1003 2326 Cynegiro
1025 2290 1056 2317 et
1077 2286 1258 2317 Callimacho
1281 2287 1517 2318 declamationes

171 2335 228 2372 (ed.
250 2336 286 2365 H.
302 2336 410 2372 Hinck,
432 2336 512 2372 Lips.
530 2336 626 2373 1873).

270 2384 291 2422 2)
321 2385 384 2414 Hoc
412 2394 465 2422 pro
500 2383 668 2424 Τισαγόρας
702 2389 784 2414 recte
813 2386 934 2423 scripsit
963 2386 1102 2415 Foerster
1131 2394 1146 2414 e
1174 2385 1274 2414 codice
1309 2385 1517 2415 Laurentiano

171 2433 241 2462 LIX
255 2434 293 2463 30
314 2434 380 2464 coll.
397 2435 470 2464 locis
485 2434 631 2464 Herodoti
645 2435 689 2465 VI
704 2435 820 2464 34—39
842 2438 872 2464 et
888 2436 1007 2465 Libanii
1028 2435 1100 2464 decl.
1117 2435 1160 2464 XI
1181 2435 1198 2472 ξ
1212 2435 1265 2471 31;
1292 2436 1352 2465 iam
1376 2436 1518 2466 Reiskius

172 2483 298 2510 coniecit
319 2482 521 2522 Σιῃσαγόρας.
1287 2506 1290 2508 -

1364 2544 1399 2573 2*
