1848 2929
864 216 908 250 71

216 330 450 366 Lucianum
482 330 550 367 hoc
574 333 721 368 verbum
748 332 894 368 notione
924 332 1094 369 visitandi
1125 330 1329 374 adhibetur,
1357 340 1429 373 qua
1455 329 1564 365 etiam

216 389 311 433 apud
335 389 526 424 nonnullos
551 390 770 433 posteriores
801 391 860 426 hic
890 382 1293 434 illic'deprehenditur3
1330 388 1441 424 etiam
1467 388 1565 432 apud

215 445 531 483 Philostratum
559 447 790 495 invenitur1).

313 503 518 553 εὐθηνεῖν
548 502 666 549 (εἐὖ
692 509 917 551 διακεῖσθαι)
949 509 994 544 ab
1021 510 1172 551 utroque
1199 506 1335 542 dicitur
1360 506 1405 541 de
1430 505 1560 549 terris;

215 564 315 600 velut
331 564 535 600 Herodotus
552 565 712 608 loquitur
728 566 767 601 II
784 567 846 601 91:
874 564 1107 613 εὐθηνέειν
1132 563 1304 601 ἅπασαν
1318 565 1562 611 Αἴγυπτον,

215 623 309 666 quod
347 623 524 659 Libanius
567 624 732 660 imitatur
774 625 811 660 in
850 636 900 661 or.
927 625 983 660 XI
1010 625 1075 660 24:
1116 623 1256 671 πάσης
1288 621 1564 671 εὐθηνούσης

215 683 311 729 (τῆς
347 680 487 729 χώρας
523 682 633 728 scil.);
678 683 899 719 Herodotum
935 686 1079 719 secutus
1114 683 1245 719 rhetor
1274 693 1346 718 una
1379 692 1460 718 cum
1493 682 1562 717 hoc

214 742 325 777 verbo
361 740 580 777 adiectivum
617 742 689 782 πᾶς
724 742 882 778 adhibet.
942 742 1061 779 Ceteri
1096 740 1266 789 εὐθηνεῖν
1300 741 1360 778 vel
1394 739 1562 779 εὐθενεῖν

215 799 386 834 adhibent
412 800 454 834 de
481 799 565 834 aliis
590 801 707 844 rebus,
743 801 790 835 cf.
818 801 1017 845 Aeschyl.
1037 801 1140 835 Eum.
1160 800 1250 835 945:
1281 798 1383 847 μῆλά
1404 798 1436 834 τ’
1452 798 1557 835 εὐθε-

214 857 343 893 νοῦντα
373 854 455 893 Πὰν
487 878 531 882 -
549 878 595 883 -
626 857 771 906 τρέφοι,
810 858 898 894 ibid.
925 869 958 895 v.
978 858 1060 894 909.
1106 858 1287 894 Aristot.
1315 868 1349 903 p.
1368 858 1441 894 566
1458 868 1481 894 a
1500 858 1558 894 22.

210 917 285 952 '569
302 918 324 952 b
351 917 408 952 20.
452 917 519 953 601
539 918 562 952 b
587 918 621 953 9.
665 917 736 953 605
754 919 776 953 b
804 919 836 953 7.
880 918 951 954 625
969 919 991 954 b
1018 918 1075 953 28.
1123 917 1195 953 680
1212 928 1235 953 a
1261 918 1317 952 27.
1363 918 1434 953 775
1452 928 1474 953 a
1500 918 1557 960 29.

215 975 349 1010 1100a
372 975 404 1010 6.
456 975 621 1010 Aelian.
649 985 726 1010 var.
754 968 837 1010 hist.
867 976 923 1020 13,
946 977 975 1010 l.
1028 976 1134 1019 Apud
1167 976 1431 1011 Herodotum
1465 976 1484 1010 I
1509 976 1558 1011 66

212 1033 358 1078 passivo
391 1044 538 1079 genere,
578 1034 641 1069 sed
680 1034 803 1069 eadem
842 1034 987 1070 notione
1021 1033 1174 1079 legitur:
1218 1031 1286 1070 ἀνά
1322 1048 1361 1071 τε
1398 1032 1558 1082 ἔδραμον

212 1090 343 1129 αὐτίκα
367 1094 427 1129 καὶ
453 1090 712 1139 εὐθηνήθησαν
738 1092 830 1138 (scil.
858 1091 894 1128 οἱ
919 1094 1169 1140 Σπαρτιῆται).

309 1151 704 1199 *καταφαίνεσθαι.
763 1151 843 1186 Hoc
875 1152 1039 1196 verbum,
1082 1152 1176 1195 quod
1208 1151 1316 1196 vulgo
1360 1162 1438 1187 cum
1473 1152 1555 1187 infi-

215 1210 331 1247 nitivo
375 1210 530 1247 struitur
572 1210 736 1255 (videri),
788 1210 966 1246 Libanius
1007 1210 1047 1246 in
1089 1211 1178 1247 decl.
1210 1212 1262 1248 IV
1288 1212 1334 1247 63
1376 1213 1469 1255 (τοῦ
1511 1211 1556 1248 δὲ

214 1268 467 1317 πράγματος
498 1267 518 1316 ἡ
544 1266 722 1316 τελευτή
746 1269 1082 1317 καταφαίνεται)
1116 1269 1295 1314 singulari
1320 1270 1464 1305 notione
1490 1281 1554 1314 ap-

214 1328 367 1372 parendi
391 1327 557 1371 adhibet;
592 1327 660 1362 hoc
685 1327 764 1363 loco
791 1327 1012 1363 Herodotum
1045 1328 1123 1363 sine
1149 1328 1256 1363 dubio
1283 1328 1459 1372 sequitur,
1492 1329 1553 1372 qui

213 1387 281 1422 hoc
306 1387 456 1422 verbum
491 1386 614 1421 eadem
641 1386 786 1421 notione
812 1386 1004 1430 usurpavit
1029 1386 1086 1421 III
1113 1386 1176 1422 69:
1211 1384 1335 1434 Ὀτάνῃ
1361 1408 1406 1412 -
1433 1400 1554 1423 κατε-

214 1445 396 1493 φαίνετο
421 1442 467 1481 τὰ
492 1445 682 1492 πρῆγμα;
710 1455 793 1480 nam
812 1443 908 1488 apud
925 1448 1113 1488 utrumque
1131 1445 1395 1481 substantivum
1408 1446 1556 1493 πρᾶγμα

213 1503 297 1538 huic
331 1504 441 1539 verbo
478 1502 699 1547 adiungitur.
756 1503 864 1547 Apud
898 1506 1038 1538 ceteros
1073 1503 1269 1547 scriptores
1304 1503 1371 1539 hoc
1406 1505 1554 1539 verbum

214 1562 338 1599 eadem
371 1562 517 1599 notione
550 1573 622 1598 non
647 1562 963 1607 deprehendimus;
1015 1562 1111 1608 apud
1135 1562 1243 1598 Plat.
1270 1560 1408 1598 Phileb.
1438 1563 1483 1599 16
1505 1563 1553 1607 C3

213 1622 313 1666 soph.
333 1622 404 1657 268
418 1622 463 1665 A,
491 1622 561 1657 232
574 1622 624 1665 B;
663 1621 732 1665 leg.
760 1622 778 1656 I
796 1622 865 1657 631
882 1622 925 1666 A,
955 1621 1025 1657 VII
1043 1622 1112 1657 811
1128 1621 1176 1665 D,
1216 1622 1316 1656 Xen.
1335 1632 1408 1657 oec.
1425 1622 1497 1658 VII
1515 1623 1553 1666 23

213 1680 323 1715 Dem.
351 1690 385 1725 p.
405 1680 487 1725 348,
507 1680 569 1724 23;
612 1679 988 1716 Pseudo-Aristot.
1016 1680 1133 1715 mund.
1153 1691 1186 1725 p.
1206 1680 1273 1715 391
1296 1680 1317 1715 b
1335 1680 1357 1714 2
1390 1679 1554 1716 absolute

212 1739 372 1783 ponitur
390 1739 514 1774 eadem
545 1739 691 1774 notione
718 1749 789 1783 qua
819 1739 974 1783 simplex
1000 1740 1148 1775 verbum
1174 1739 1374 1787 φαίνεσθαι
1399 1738 1553 1786 (viderim

213 1798 310 1841 apud
335 1797 421 1832 Her.
449 1797 468 1832 Ι
493 1798 541 1833 58
566 1797 651 1832 huic
676 1799 787 1833 verbo
814 1797 1016 1833 infinitivus
1042 1797 1281 1842 subiungitur.

310 1855 575 1905 περικλείειν
617 1857 664 1892 ab
690 1855 874 1894 Herodoto
909 1855 1044 1892 dicitur
1074 1856 1118 1892 de
1151 1855 1346 1901 montibus,
1379 1855 1440 1900 qui
1473 1855 1553 1901 pla-

212 1915 338 1950 nitiem
380 1915 604 1951 circumdant
645 1919 682 1951 et
724 1915 875 1959 cingunt
915 1915 988 1952 VII
1018 1916 1107 1950 199:
1151 1916 1217 1950 τοῦ
1258 1914 1298 1949 δὲ
1339 1913 1463 1961 ὄρεος
1505 1913 1553 1950 τὸ

213 1973 460 2021 περικληίει
493 1971 568 2022 τήν
594 1975 667 2021 γῆν
699 1971 764 2022 τήν
794 1973 990 2022 Τρηχινίην
1015 1972 1094 2009 ἐστὶ
1119 1971 1283 2021 διασφὰξ
1317 1976 1353 2008 et
1377 1972 1435 2008 III
1463 1974 1551 2008 117:

212 2030 291 2068 ἔστι
333 2032 373 2068 δὲ
411 2032 563 2069 πεδίον
605 2029 643 2068 ἐν
679 2034 724 2080 τῇ
763 2031 865 2080 ’Λσίῃ
908 2032 1294 2080 περικεκληιμένον
1332 2030 1426 2078 ὄρεϊ
1462 2030 1553 2067 πάν-

212 2093 334 2133 τοθεν,
367 2101 460 2135 quae
484 2090 663 2127 Libanius
697 2090 863 2127 imitatur
897 2091 935 2126 in
970 2101 1020 2127 or.
1049 2091 1105 2126 XI
1132 2091 1195 2126 22:
1229 2088 1275 2137 ὄρ
1284 2103 1304 2137 η
1321 2088 1374 2126 ’δὲ
1402 2088 1485 2138 ἡμῖν
1509 2088 1554 2126 τοὶ

212 2149 279 2195 μὲν
305 2149 343 2186 ἐν
367 2152 412 2198 τῇ
436 2148 552 2198 χώρᾳ,
583 2148 629 2185 τὰ
656 2148 688 2186 δ’
714 2145 763 2186 αὖ
788 2150 875 2198 περὶ
900 2149 964 2198 τὴν
989 2149 1119 2198 χώραν,
1145 2148 1190 2186 τὰ
1214 2148 1279 2194 μὲν
1303 2147 1367 2196 τῆν
1392 2148 1553 2186 πεδιάδα

211 2207 401 2255 τέμνοντα,
439 2207 485 2245 τοὶ
518 2207 550 2246 δ’
575 2207 683 2257 εὐρέα
715 2207 780 2257 την
813 2209 974 2252 εἴσοδον,
1012 2207 1058 2246 τὰ
1090 2208 1130 2246 δὲ
1162 2206 1255 2256 πρὸς
1287 2210 1366 2248 τοῖς
1398 2207 1554 2256 τέρμασι

213 2268 530 2317 περικλείοντα.
581 2269 614 2304 Α
631 2268 763 2305 ceteris
789 2268 1030 2314 scriptoribus
1055 2269 1122 2305 hoc
1138 2269 1285 2305 verbum
1310 2266 1386 2303 alia
1411 2267 1555 2304 ratione

212 2331 408 2372 usurpatur
432 2328 533 2365 velut
565 2339 588 2363 a
613 2328 864 2374 Thucydide
898 2328 937 2364 II
963 2328 1044 2373 100,
1066 2328 1106 2364 6:
1137 2324 1218 2363 ὑπὸ
1260 2324 1305 2363 δὲ
1339 2326 1417 2362 τοῦ
1448 2324 1554 2375 πλή-

213 2391 318 2427 θεος
348 2385 684 2435 περικλῃόμενοι
714 2385 846 2428 αὐτοῦς
873 2407 918 2413 -—
937 2408 983 2412 —
1010 2386 1047 2428 ἐς
1071 2385 1233 2423 κίνδυνον
1257 2385 1487 2422 καθίστασαν
1519 2390 1556 2422 et

313 2515 334 2551 ¹)
356 2515 434 2545 Vide
454 2515 597 2545 Schmid
624 2515 642 2545 1.
658 2524 682 2544 c.
703 2514 747 2545 IV
768 2524 796 2552 p.
812 2515 879 2544 259.
