1848 2929
866 235 913 271 69

221 349 381 395 ἐμαυτοῦ
417 353 533 387 κακῶν
571 350 915 397 ἐγκεχαλινωμένος.)
971 352 1123 396 Proprie
1161 352 1311 387 verbum
1350 349 1485 384 dicitur
1524 349 1568 384 de

222 408 324 453 equis
362 420 385 445 a
422 409 707 455 Xenophonte
745 412 850 446 anab.
881 411 953 447 VII
980 411 1013 455 2,
1032 410 1098 446 21:
1136 407 1249 445 ἵπποι
1288 406 1568 454 ἐγκεχαλινω-

220 466 342 512 μένοι
381 471 417 504 et
454 468 526 505 VII
553 470 584 513 7,
611 470 633 504 6
685 472 721 504 et
765 469 1010 513 metaphorice
1052 480 1075 504 a
1114 467 1352 503 Plutarcho
1386 467 1473 512 Lys.
1502 467 1566 502 21:

220 523 271 565 ὥς
313 524 701 572 ἐγκεχαλινωμένον
738 528 782 575 τῇ
824 525 1012 575 ὀλιγαρχίᾳ
1053 524 1115 562 τόν
1154 526 1269 574 δῆμον
1307 523 1408 566 α’νεὶς
1450 520 1566 565 αὖθις

220 582 420 633 ἐξυβρίσαι.

317 646 526 684 ἐκπλιόειν
567 650 613 684 ab
646 649 830 685 Herodoto
864 650 1001 685 duobus
1033 649 1125 685 locis
1158 648 1351 684 adhibetur
1384 648 1566 684 translata

219 706 382 751 notione;
414 707 504 743 dicit
530 707 624 743 enim
654 707 713 743 III
739 708 827 744 155:
866 710 937 749 κῶς
967 706 1032 743 οὐκ
1064 706 1312 752 ἐξέπλωσας
1344 709 1427 743 τῶν
1460 721 1565 756 φρε-

220 766 299 799 νῶν
334 763 491 801 σεωυτόν
524 765 750 813 διαφθείρας
784 767 836 810 (h.
857 777 886 802 e.
920 778 1031 802 nonne
1063 767 1105 802 de
1137 770 1244 802 mente
1275 767 1405 811 exiisti,
1440 767 1502 812 qui
1534 770 1565 802 te

219 824 335 868 ipsum
362 824 587 869 perdidisti&
622 827 658 860 et
682 825 734 862 VI
757 825 818 861 12:
852 823 1200 874 παραφρονήσαντες
1231 824 1293 861 καὶ
1318 823 1563 862 ἐκπλώσαν-

218 895 287 923 τες
320 881 364 918 ἐκ
397 884 472 919 τοῦ
504 881 604 919 νόου
642 884 868 928 (insanientes
893 888 923 920 et
947 888 1055 920 mente
1079 885 1198 929 capti).
1250 884 1352 920 Haec
1385 884 1564 921 Libanius

218 939 355 976 imitari
381 941 470 977 mihi
489 941 642 987 videtur,
669 952 749 978 cum
767 942 857 977 dicit
882 942 921 977 in
947 952 1000 987 ep.
1021 942 1110 978 329:
1138 940 1275 984 ἐδόκεις
1301 937 1365 978 οὖν
1389 955 1454 989 μοι
1479 941 1562 980 τότε

218 999 284 1045 μὲν
309 1021 355 1025 -
383 999 722 1036 ἐκπεπλευκέναι
749 1000 957 1047 σαυτοὺἺ).

316 1062 563 1111 *ἐκτρίβειν
595 1064 745 1108 (delere).
803 1064 905 1109 Quod
937 1064 1114 1101 Libanius
1148 1065 1238 1101 dicit
1273 1065 1312 1100 in
1348 1066 1437 1101 decl.
1465 1065 1561 1102 XIII

218 1122 283 1157 49:
323 1123 497 1170 γεωργίαν
530 1120 739 1170 ἀνθρώπων
764 1121 951 1164 ἀνελόντες
980 1123 1039 1159 καὶ
1072 1121 1146 1170 τήν
1180 1126 1269 1170 γῆν,
1301 1122 1350 1164 ὠς
1382 1122 1427 1159 ἂν
1459 1125 1559 1160 εἴποι

217 1192 284 1222 τις,
321 1179 610 1227 ἐκτρίψαντες
640 1178 792 1228 αὐτὴν,
827 1181 894 1216 hoc
924 1181 1003 1216 loco
1038 1182 1248 1225 pronomine
1283 1181 1468 1218 indefinito
1501 1195 1559 1223 τις

216 1239 422 1275 Herodotus
439 1238 677 1284 significatur,
704 1239 766 1283 qui
783 1239 874 1275 dicit
898 1239 950 1277 IV
969 1239 1040 1276 120
1066 1240 1109 1276 de
1127 1240 1283 1286 Scythis,
1310 1251 1398 1285 quos
1415 1241 1558 1278 Dareus

217 1308 411 1343 aggressus
445 1302 517 1334 est:
558 1297 790 1344 ἐβουλεύοντο
821 1318 867 1324 -
888 1319 931 1323 ——-
964 1297 1174 1343 ὑπεξιόντες
1200 1320 1245 1324 -
1271 1300 1330 1335 καὶ
1360 1298 1558 1344 ὑπεξελαύ-

216 1369 336 1399 νοντες
365 1355 411 1393 τὰ
441 1355 582 1405 φρέατα
608 1378 654 1383 -
680 1358 741 1394 καὶ
772 1355 838 1399 τοὶς
861 1356 992 1406 κρήνας
1018 1358 1185 1404 συγχοῦν,
1223 1356 1297 1406 τῆν
1328 1357 1458 1407 ποιὴν
1484 1358 1559 1408 τήν

216 1416 290 1462 τῆς
315 1416 390 1462 γῆς
415 1414 650 1464 ἐκτρίβειν;
685 1427 768 1451 nam
799 1417 896 1460 apud
920 1419 1109 1460 utrumque
1135 1418 1284 1453 verbum
1314 1416 1490 1465 ἐκτρίβειν
1515 1420 1558 1454 de

216 1472 384 1519 frugibus
401 1477 522 1510 terrae
539 1474 727 1510 vastandis
754 1474 946 1510 adhibetur
972 1477 1008 1510 et
1024 1478 1175 1519 utroque
1192 1475 1270 1511 loco
1292 1477 1557 1513 substantivum

215 1533 259 1580 γῆ
283 1532 428 1578 legitur.
473 1533 543 1570 Sed
569 1534 678 1569 etiam
697 1534 740 1569 de
767 1533 852 1570 aliis
876 1535 985 1570 rebus
1011 1535 1133 1570 eadem
1156 1535 1300 1571 notione
1326 1536 1392 1571 hoo
1409 1538 1557 1572 verbum

215 1593 261 1627 ab
287 1592 471 1628 Herodoto
503 1595 709 1641 usurpatur,
737 1592 837 1629 velut
862 1593 914 1630 VI
940 1593 1003 1629 37:
1038 1592 1168 1635 πίτυος
1192 1592 1328 1641 τρόπον
1353 1593 1469 1642 σφέας
1493 1594 1557 1630 ἐκ-

214 1649 424 1699 τρίβεινῗ)
451 1654 488 1688 et
513 1644 565 1689 VI
591 1651 656 1688 86:
684 1650 966 1700 ἐκτέτριπται
991 1650 1188 1701 πρόρριζος
1199 1651 1236 1699 ³).
1288 1653 1394 1698 Apud
1419 1657 1558 1690 ceteros

215 1710 338 1746 eadem
363 1710 510 1747 notione
535 1721 607 1746 non
625 1714 746 1747 exstat
769 1711 843 1746 nisi
868 1711 978 1746 Plut.
998 1711 1101 1747 Eum.
1123 1713 1178 1747 19.
1213 1711 1357 1757 Synes.
1386 1713 1429 1748 de
1454 1723 1554 1757 prov.

214 1769 233 1805 Ι
258 1780 292 1814 p.
314 1769 394 1806 108.
438 1770 575 1806 Them.
603 1781 637 1815 p.
658 1770 739 1815 257,
760 1771 816 1806 17.

313 1831 634 1879 *ἐξογκοῦσθαι
665 1834 825 1879 (yloriari
849 1834 972 1879 aliqua
995 1838 1057 1877 re).
1101 1835 1207 1878 Apud
1231 1834 1316 1869 Her.
1336 1834 1388 1870 VI
1407 1835 1476 1870 126
1506 1835 1557 1870 le-

214 1892 351 1938 gimus:
390 1890 471 1930 ὅσοι
502 1892 610 1942 σφίσι
635 1906 674 1929 τε
705 1890 851 1930 αὐτοῖσι
877 1887 968 1941 ἦσαν
993 1894 1053 1930 καὶ
1089 1891 1229 1942 πάτρῃ
1264 1892 1557 1939 ἐξωγκωμένοι

214 1951 263 1998 (h.
284 1962 313 1987 e.
341 1964 456 1988 onmes
473 1953 533 1997 qui
557 1964 594 1989 se
618 1953 708 1997 ipsis
732 1956 765 1988 et
776 1954 900 1997 patria
924 1965 993 1989 sua
1014 1952 1281 1998 qloriabantur).
1324 1953 1429 1988 Hunc
1454 1964 1558 1988 usum

214 2010 318 2047 verbi
344 2010 522 2047 Libanius
554 2010 722 2046 imitatur
752 2010 792 2046 in
825 2010 914 2046 decl.
941 2010 997 2046 IX
1023 2011 1091 2047 45:
1131 2008 1370 2057 ἐξώγκωται
1395 2011 1439 2058 τῇ
1465 2011 1556 2058 νίκῃ.

214 2069 294 2106 Hoc
325 2080 366 2106 eo
393 2069 510 2115 magis
541 2081 564 2106 a
589 2069 746 2106 Libanio
773 2070 958 2106 Herodoto
990 2070 1114 2106 deberi
1136 2073 1235 2122 puto,
1267 2069 1361 2113 quod
1385 2069 1449 2105 illo
1477 2069 1556 2105 loco

214 2128 490 2164 Halicarnassei
525 2129 569 2164 de
606 2128 683 2164 illis
721 2128 1014 2164 adulescentibus
1050 2129 1173 2173 agitur
1206 2138 1352 2163 uxorem
1387 2127 1460 2163 sibi
1496 2129 1557 2163 de-

214 2186 445 2231 poscentibus
463 2186 686 2233 Agaristam‚
709 2197 815 2232 quam
833 2197 856 2223 a
872 2187 1017 2223 rhetore
1035 2187 1143 2223 etiam
1161 2186 1233 2222 alio
1251 2186 1328 2222 loco
1355 2186 1557 2231 significari

315 2329 336 2367 ¹)
356 2329 434 2361 Vide
454 2328 598 2359 Schmid
623 2329 643 2359 l.
658 2338 682 2359 o.
705 2329 763 2360 vol.
785 2329 817 2359 H
836 2338 865 2367 p.
882 2330 947 2360 172.

313 2378 336 2416 ²)
357 2379 422 2408 Hoc
452 2379 602 2416 expressit
631 2379 792 2409 Tzetzes
820 2379 892 2409 hist.
913 2379 930 2408 I
951 2380 1024 2409 740:
1062 2383 1167 2412 πίτυος
1195 2380 1280 2415 δίκην
1310 2379 1459 2409 ἔσπευδον
1489 2378 1559 2414 τοὺς

214 2425 358 2461 Σικελοὺς
377 2430 525 2467 ἐκτρῖψαι.

313 2475 336 2512 ⁸)
358 2476 404 2506 Of.
427 2477 539 2514 (Eur.)
560 2476 648 2506 Rhes.
670 2478 702 2505 in
723 2485 840 2514 argum.
855 2477 979 2506 fabulae
1000 2478 1055 2507 44:
1076 2475 1162 2505 πόλιν
1184 2492 1219 2496 -
1236 2492 1272 2496 -
1294 2475 1459 2514 πρόρριζον
1480 2479 1558 2507 ἐκτε-

214 2526 380 2562 τριμμένην
406 2527 438 2555 et«
459 2525 539 2555 Eur.
563 2525 681 2563 Hippol.
702 2525 769 2555 684.
