1848 2929
962 199 1010 235 66

307 314 494 351 invenitur
529 315 568 350 in
605 315 675 351 vol.
700 315 752 352 IV
773 315 853 360 175,
873 317 920 352 22
943 316 985 352 R.
1038 317 1145 361 Apud
1179 319 1319 353 ceteros
1354 317 1552 362 scriptores
1589 328 1660 354 non

308 373 523 410 invenimus.

405 435 615 481 χρυσῖτις,
666 432 791 469 Etiam
817 433 884 470 hoc
905 434 1125 471 adiectivum
1153 445 1175 471 a
1191 434 1361 486 Libanio,
1388 434 1451 479 qui
1477 444 1519 471 eo
1545 435 1661 471 utitur

308 491 348 526 in
367 502 418 527 or.
437 492 581 528 XLVII
599 492 645 528 33
664 490 870 539 (ἐξεύρηται
897 491 937 529 δὲ
962 493 1023 528 καὶ
1049 491 1141 529 ἄλλα
1168 494 1380 541 σοφίσματα
1405 493 1660 541 χρυσίτιδος

305 550 380 597 γῆς
405 548 449 585 οὐ
474 549 601 598 χείρω)
627 553 667 585 et'
689 550 727 585 in
745 550 816 586 vol.
836 550 888 587 IV
904 551 984 596 162,
1001 552 1048 586 22
1065 552 1099 587 R
1125 552 1309 588 Herodoto
1327 551 1451 587 deberi
1468 554 1572 596 puto;
1599 551 1660 587 hic

307 609 402 644 enim
431 609 471 644 id
497 609 646 645 adhibet
675 609 734 645 III
764 610 831 646 102
859 610 902 645 de
929 610 995 645 illa
1020 614 1121 647 terra
1152 622 1264 647 aurea
1294 622 1316 647 a
1343 610 1507 648 formicis
1534 610 1660 655 ingen-

305 667 404 703 tibus
437 667 586 712 effossa,
621 678 729 712 quam
762 668 886 704 rhetor
918 668 984 704 illo
1019 669 1097 705 loco
1132 669 1314 714 respicere
1346 669 1500 705 videtur.
1552 669 1660 713 Apud

306 729 446 762 ceteros
479 726 546 762 hoc
572 726 794 772 adJectivum
828 737 899 770 non
926 727 1111 764 invenitur
1143 727 1216 763 nisi
1250 728 1346 772 apud
1378 727 1659 763 Plutarchum

308 794 397 820 mor.
425 795 459 828 p.
479 785 552 820 526
570 785 601 820 B
628 788 664 820 et
690 786 787 829 apud
812 786 1130 821 Philostratum
1156 786 1330 822 minorem
1342 786 1378 830 ²).

829 894 873 929 D.
913 894 1147 930 Adverbia.

407 959 685 1005 ἀπεναντίον,
729 963 824 1007 quod
860 962 995 1007 legitur
1036 962 1075 998 in
1112 962 1242 999 Liban.
1270 962 1340 999 vol.
1369 962 1421 1000 IV
1449 963 1535 1008 187,
1556 962 1602 999 26
1626 962 1659 998 R

307 1020 407 1066 (ἐμοὶ
441 1020 482 1057 δὲ
507 1019 771 1058 ἀπεναντίον
803 1020 822 1057 ὁ
848 1021 1028 1069 τρόπος)
1063 1025 1099 1058 et
1125 1023 1207 1067 871,
1227 1023 1249 1057 9
1284 1021 1387 1064 (τοὺς
1416 1020 1579 1070 καρποὺς
1610 1021 1659 1064 ὠς

305 1078 565 1116 ἀπεναντίον
589 1081 634 1127 τῇ
659 1079 741 1127 ῥίζῃ
767 1079 999 1128 πεφύκασιν),
1026 1091 1071 1115 ex
1088 1081 1221 1116 Herod.
1241 1080 1314 1116 VII
1331 1081 1378 1116 55
1405 1079 1460 1122 (αἱ
1486 1080 1562 1121 νέες
1584 1080 1659 1125 ἅμα

306 1137 479 1188 ἀνήγοντο
505 1138 543 1180 ἐς
567 1137 631 1188 τήν
657 1136 941 1182 ἀπεναντίον)
969 1139 1146 1184 originem
1165 1140 1294 1175 ducere
1312 1143 1417 1185 puto3
1445 1150 1528 1176 nam
1545 1140 1659 1176 ceteri

308 1198 506 1242 scriptores
532 1198 571 1233 id
587 1209 659 1233 non
677 1199 812 1233 habent
822 1198 849 1244 ²)
875 1199 949 1233 nisi
967 1198 1226 1244 Aristides³)
1253 1209 1304 1234 or.
1323 1199 1446 1235 XLVI
1472 1209 1505 1243 p.
1522 1199 1603 1243 248,
1623 1200 1656 1234 6.

406 1255 614 1305 *ἡβηδόν,
653 1257 748 1300 quod
786 1256 954 1292 adhibuit
990 1257 1195 1293 Herodotus
1238 1257 1256 1292 Ι
1283 1257 1354 1293 172
1393 1261 1404 1298 (
1415 1255 1578 1298 ἐνδύντες
1614 1255 1659 1293 τὰ

307 1315 404 1353 ὅπλα
442 1314 601 1357 ἅπαντες
634 1314 787 1352 Καύνιοι
825 1314 1000 1363 ἡβηδόν,
1040 1316 1073 1351 11.
1095 1327 1123 1352 e.
1160 1328 1273 1352 omnes
1309 1316 1447 1356 Caunii,
1488 1320 1658 1362 quatenus

307 1379 416 1411 aetate
441 1374 611 1421 viyebant)
639 1378 675 1409 et
700 1375 752 1410 VI
778 1375 820 1408 21
850 1373 1051 1421 (Μιλήσιοι
1080 1373 1212 1415 πάντες
1240 1373 1397 1422 ἡβηδὸν
1422 1373 1657 1422 ἀπεκείραντο

307 1432 372 1475 τὰς
405 1432 592 1482 κεφαλάς),
634 1433 812 1470 Libanius
846 1433 996 1479 scripsit
1036 1433 1074 1469 in
1109 1445 1158 1470 or.
1187 1434 1275 1470 LIX
1305 1434 1373 1471 100
1407 1432 1655 1481 (καταλέγουσι

307 1493 373 1538 μὲν
407 1492 565 1540 ἡβηδόν
598 1491 683 1533 τούς
717 1491 864 1539 ἄνδρας)
908 1497 944 1527 et
979 1493 1016 1527 in
1052 1493 1140 1528 decl.
1168 1493 1276 1529 XVII
1303 1494 1351 1528 40
1385 1491 1561 1540 (ἡβηδὸν
1592 1491 1657 1539 τῆν

309 1550 417 1588 πόλιν
443 1549 608 1594 ἀνελεῖν).
652 1550 848 1586 Praeterea
874 1553 995 1586 exstat
1021 1551 1118 1595 apud
1142 1551 1240 1586 Luc.
1269 1551 1332 1587 vit.
1352 1554 1446 1587 auct.
1470 1551 1529 1596 143
1564 1551 1656 1586 Tim.

307 1612 353 1647 37
389 1615 425 1647 et
450 1611 571 1646 Diod.
600 1610 729 1646 Sicul.
756 1610 815 1646 111
840 1610 888 1646 54
915 1614 951 1646 et
976 1611 1072 1655 apud
1099 1610 1378 1657 Aelianum4).

388 1738 513 1785 Caput
539 1738 601 1775 11:
637 1738 694 1775 De
721 1738 924 1775 vocabulis
951 1738 1147 1784 singulari
1174 1739 1339 1776 notione
1368 1738 1571 1775 adhibffls.

864 1807 908 1842 A.
941 1808 1093 1844 Verba.

403 1878 421 1898 *
436 1874 819 1924 ἀνακηρύττεσθαι
847 1876 943 1921 apud
961 1876 1047 1911 Her.
1060 1875 1113 1912 VI
1134 1876 1202 1911 103
1229 1875 1412 1912 notionem
1436 1875 1546 1911 habet
1572 1885 1657 1911 ean-

305 1937 384 1972 dem
418 1947 525 1979 quam
560 1936 654 1980 apud
688 1935 841 1971 Latinos
874 1936 1033 1971 victorem
1062 1936 1295 1980 proclamari;
1339 1935 1429 1971 dicit
1462 1935 1556 1971 enim
1589 1935 1656 1970 hoc

303 1995 383 2031 loco
410 1995 633 2030 Herodotus:
673 1992 823 2030 ἵπποισι
854 1995 962 2030 νικῶν
995 1994 1087 2041 (scil.
1116 1993 1261 2040 Κίμων)
1295 1994 1498 2042 παραδιδοῖ
1527 1997 1656 2029 Πεισι-

305 2053 446 2101 στράτῳ
480 2052 845 2100 ἀνακηρυχθῆναι.
897 2053 1104 2097 Libanium,
1140 2053 1235 2097 apud
1269 2063 1372 2096 quem
1406 2053 1474 2088 hoc
1505 2053 1655 2088 verbum

304 2112 430 2147 eadem
457 2111 524 2146 illa
550 2111 696 2146 notione
725 2113 845 2145 exstat
872 2110 910 2145 in
942 2120 992 2145 or.
1020 2110 1142 2145 LXIV
1162 2111 1223 2154 78,
1256 2110 1400 2146 etiamsi
1426 2110 1655 2156 Thucydides

303 2171 343 2206 in
368 2171 401 2208 V
428 2170 486 2214 50,
505 2170 528 2204 4
561 2170 683 2205 eodem
710 2170 813 2205 modo
840 2169 878 2204 id
905 2169 1069 2213 adhibet,
1100 2172 1220 2205 tamen
1246 2169 1284 2205 in
1311 2170 1379 2205 hac
1404 2180 1444 2204 re
1470 2180 1514 2204 ex
1539 2169 1655 2204 Hero-

405 2307 426 2342 ¹)
449 2306 527 2337 Vide
548 2305 692 2335 Schmid
719 2306 738 2335 1.
755 2314 778 2334 c.
801 2305 859 2334 vol.
882 2305 925 2334 IV
945 2314 973 2342 p.
989 2305 1054 2335 260.

403 2356 424 2394 ²)
448 2356 525 2385 Vide
546 2356 596 2384 Fr.
612 2354 807 2391 Schubert,
829 2355 890 2384 Zur
904 2355 1092 2384 mehrfachen
1107 2355 1272 2392 priifixalen
1288 2356 1599 2392 Zusammensetzung
1613 2355 1654 2384 im

304 2405 526 2441 Griechischen,
547 2404 622 2434 Xen.
639 2406 754 2440 Austr.,
776 2404 799 2434 I.
815 2404 884 2434 Abt.
907 2413 934 2441 p.
950 2404 1018 2433 213.

402 2454 424 2491 ³)
446 2455 524 2484 Vide
545 2454 690 2483 Schmid
719 2453 737 2482 l.
753 2462 776 2484 c.
800 2453 856 2484 vol.
879 2453 911 2482 II
931 2463 958 2491 p.
977 2454 1040 2484 176.

402 2505 424 2540 ⁴)
447 2505 524 2534 Vide
545 2504 688 2534 Schmid
717 2504 734 2532 l.
751 2513 774 2533 c.
799 2503 855 2533 vol.
878 2504 893 2532 I
914 2513 940 2540 p.
956 2504 1028 2540 3063
1058 2504 1115 2533 vol.
1131 2505 1178 2533 ΙΙΙ
1199 2514 1226 2541 p.
1244 2505 1308 2534 172.
