1848 2929
938 214 960 249 2

270 331 404 367 tionem
448 331 573 367 Patris
615 331 803 368 Historiae
852 332 988 368 imitati
1036 335 1120 367 sunt
1162 332 1262 368 velut
1309 332 1623 379 Pausanias1),

267 390 502 436 Arrianus,
529 390 753 427 Aelianus.
793 390 1008 436 Philosophi
1032 390 1252 436 posteriores
1279 394 1315 427 et
1340 391 1413 436 ipsi
1439 391 1554 427 multa
1580 402 1625 428 ex

268 449 455 485 Herodoto
487 450 685 486 hauserunt
696 449 734 495 2).
787 450 858 485 Sed
884 449 994 485 etiam
1022 453 1151 493 quarto
1177 453 1261 494 post
1286 449 1468 486 Christum
1500 453 1624 486 natum

267 508 413 545 saeculo
446 509 542 554 apud
575 508 767 545 nonnullos
799 508 997 554 scriptores
1031 508 1238 545 Herodotus
1264 507 1360 545 sicut
1393 508 1505 545 ceteri
1540 519 1624 545 auc-

267 571 365 603 tores
384 571 526 604 veteres
552 568 746 612 plurimum
763 568 922 613 valebat,
950 568 1051 604 velut
1068 568 1369 613 Themistium,
1387 568 1622 613 Iulianum,

268 626 512 662 Libanium.

369 685 577 730 Libanium‚
606 686 677 730 qui,
706 686 800 729 quod
828 686 873 721 ad
893 686 1057 721 rhetores
1085 686 1227 730 attinet,
1255 685 1497 721 clarissimum
1523 685 1624 721 illius

270 743 403 778 aetatis
431 743 594 778 columen
622 743 693 779 fuit
704 742 742 789 3),
770 754 900 788 magno
929 754 1035 788 opere
1062 744 1246 779 Herodoto
1273 743 1453 779 studuisse
1479 743 1553 779 iam
1580 754 1624 779 ex

269 812 312 837 ea
337 812 377 837 re
403 804 572 847 apparet,
608 802 701 845 quod
733 799 889 847 ἅμιλλαν
914 800 1008 850 πρὸς
1032 800 1268 850 Ἡρόδοτον)
1303 802 1505 847 composuit
1536 802 1623 850 (vid.

270 871 323 905 ep.
352 861 424 896 530
451 862 504 896 ed.
525 860 646 898 Wolf:
676 859 743 907 ἐγώ
771 860 811 896 δὲ
838 859 904 897 δύο
930 859 1068 907 λόγους,
1101 855 1151 896 ὧν
1176 860 1215 896 ἑν
1240 860 1307 906 μὲν
1332 863 1384 908 τῷ
1409 859 1503 909 πρὸς
1518 860 1625 909 ‘Hed-

269 920 384 962 δοτον,
416 918 454 955 ἐν
481 918 522 956 δὲ
547 921 598 966 τῷ
624 917 718 969 πρὸς
742 918 969 969 Ἀριστείδην
1000 918 1175 966 μάχομαι,
1207 918 1415 969 πέπομφα).
1467 920 1511 956 In
1540 930 1624 965 pro-

268 979 411 1015 theoria
436 979 576 1024 primae
595 980 852 1016 declamationi
879 979 963 1026 (vol.
979 980 1032 1017 IV
1058 991 1092 1025 p.
1113 981 1134 1015 2
1162 980 1215 1016 ed.
1234 980 1370 1016 Reiske
1394 998 1430 1009 =
1458 980 1547 1016 decl.
1567 980 1626 1016 III

269 1037 387 1082 proth.
408 1038 428 1083 ἓ
447 1038 468 1073 3
495 1037 566 1074 vol.
583 1038 615 1074 V
637 1048 671 1082 p.
689 1038 760 1073 200
787 1039 840 1073 ed.
860 1037 1048 1084 Foerster)
1075 1038 1277 1083 praemissa
1294 1038 1418 1074 rhetor
1444 1037 1524 1082 ipse
1541 1049 1625 1083 pro-

270 1096 396 1132 fitetur
421 1107 460 1132 se
487 1097 747 1141 quodammodo
774 1097 812 1132 in
838 1097 907 1133 hac
933 1097 1197 1133 declamatione
1214 1097 1437 1133 Herodotum
1464 1100 1625 1133 secutum

271 1165 359 1190 esse.
401 1155 551 1190 Duobus
578 1155 670 1190 locis
697 1155 875 1190 orationis
902 1156 990 1190 LIX
1009 1155 1066 1201 (ἐξ
1086 1156 1132 1191 70
1151 1159 1187 1190 et
1208 1156 1301 1202 137),
1330 1166 1418 1199 quos
1445 1166 1491 1191 ex
1508 1156 1625 1191 Hero-

271 1213 354 1249 doto
382 1213 616 1258 deprompsit,
649 1213 750 1250 illius
776 1224 905 1250 nomen
932 1213 1076 1250 adiecit.
1130 1213 1225 1259 Quin
1252 1213 1361 1250 etiam
1387 1213 1447 1250 hic
1472 1213 1552 1249 illic
1577 1213 1624 1249 ad

271 1272 522 1308 diversitatem
541 1275 648 1315 atque
668 1273 809 1316 copiam
828 1283 957 1317 rerum,
986 1283 1077 1316 quae
1096 1272 1134 1307 in
1152 1273 1428 1308 Halicarnassei
1446 1272 1623 1308 Historiis

270 1330 405 1374 insunt,
438 1331 562 1366 rhetor
593 1331 713 1367 iocose
745 1331 894 1376 alludit,
928 1331 1028 1367 velut
1059 1331 1097 1366 in
1129 1342 1182 1376 ep.
1203 1332 1268 1366 48:
1303 1329 1501 1379 Ἡρόδοτος
1532 1329 1571 1368 δὲ
1601 1328 1622 1366 ὁ

270 1391 429 1438 χρυσοῦς
447 1388 513 1426 οὐκ
539 1388 583 1425 ἄν
601 1403 664 1436 μοι
684 1392 784 1427 δοκεῖ
799 1392 1026 1438 κατοκνῆσαι,
1053 1388 1154 1438 πάσῃ
1171 1389 1238 1436 μὲν
1255 1385 1318 1426 οὖν
1337 1391 1480 1439 σπουδῇ
1501 1388 1624 1439 φέρων

270 1446 315 1483 ἂν
341 1447 517 1490 ἐνθεῖναι,
544 1447 646 1490 ὅπως
667 1447 756 1496 δόξῃ
782 1447 899 1484 πολλὰ
927 1448 1063 1485 εἰδέναι
1096 1452 1131 1485 et
1149 1449 1186 1484 in
1205 1449 1368 1485 oratione
1386 1449 1474 1484 LIX
1493 1449 1514 1495 ἓ
1535 1450 1622 1484 137:

269 1505 466 1554 ‘dedowg
496 1528 543 1532 —
575 1505 594 1542 ὁ
621 1507 736 1543 πλείω
762 1508 834 1542 τιιῖν
859 1505 1066 1554 ἀναγκαίων
1098 1506 1289 1555 ἐξητακιύς.

369 1566 503 1602 Verum
534 1569 655 1602 tamen
687 1566 792 1602 nobis
824 1566 970 1602 silentio
1002 1577 1072 1602 non
1098 1567 1398 1611 praetereundum
1425 1569 1495 1611 est,
1530 1567 1624 1610 quod

271 1624 449 1660 Libanius
484 1636 554 1660 non
580 1625 765 1661 Herodoto
800 1625 871 1661 soli
896 1628 1000 1661 tanta
1034 1636 1113 1661 cum
1146 1625 1339 1670 diligentia
1373 1625 1526 1670 studuit,
1561 1625 1624 1660 sed

272 1683 381 1718 etiam
414 1683 499 1719 aliis
534 1684 760 1728 auctoribus,
795 1687 835 1719 ut
866 1684 945 1728 ipse
970 1684 1151 1728 gloriatur
1184 1684 1222 1719 in
1249 1695 1299 1720 or.
1327 1684 1346 1719 I
1372 1684 1410 1719 8:
1447 1682 1485 1719 ἓν
1510 1682 1625 1731 ἔδρων

272 1739 392 1786 μόνον,
425 1740 548 1789 μνήμῃ
573 1739 619 1777 τὰ
645 1743 717 1777 τῶν
749 1742 917 1777 παλαιῶν
944 1740 1116 1790 ἑκτηῖμην,
1152 1743 1216 1777 24;
1249 1743 1309 1779 καὶ
1336 1743 1477 1790 προσῆν
1502 1740 1543 1778 τὸ
1570 1737 1627 1783 οἷς

272 1798 380 1846 ἐχρῆν
406 1797 576 1846 ἡγεμόσιν
603 1798 877 1835 ἀκολουθοῦντα
903 1800 1017 1847 μηδὲν
1045 1799 1180 1846 ἰατρῶν
1206 1800 1244 1835 ἐν
1274 1802 1326 1846 τῷ
1358 1798 1499 1845 σώματι
1527 1802 1625 1836 δεδε-

273 1858 405 1904 ῆσθαι,
441 1867 509 1901 quo
536 1857 615 1893 loco
643 1858 729 1902 quid
755 1858 804 1893 sit
830 1853 886 1899 οἷς
911 1856 1018 1906 ἐχρῆν
1045 1856 1215 1906 ἡγεμόσιν
1241 1856 1472 1901 ἀκολουθεῖν,
1509 1858 1625 1903 expli-

272 1920 377 1951 catur
408 1917 453 1951 ab
481 1916 650 1960 Eunapio
677 1917 742 1952 vit.
762 1917 912 1952 Libanii
943 1918 963 1961 ξ
990 1918 1012 1952 4
1040 1917 1108 1963 (ed.
1128 1914 1330 1964 Foerster):
1368 1916 1552 1963 Λιβάνιος
1578 1937 1624 1943 —

375 2062 394 2099 ¹)
418 2061 504 2090 Conf.
528 2061 561 2091 Ο.
578 2061 808 2097 Pfundtner,
836 2061 1006 2091 Pausanias
1028 2062 1190 2099 Perlegeta
1211 2063 1349 2092 imitator
1370 2062 1527 2099 Herodoti,
1553 2062 1625 2092 diss.

271 2111 443 2148 Regimont.
466 2109 560 2145 1866;
595 2110 651 2138 Die
676 2109 878 2139 historischen
900 2110 1025 2146 Quellen
1053 2110 1105 2139 des
1131 2110 1424 2140 Reisebeschreibers
1445 2111 1624 2147 Pausanias,

271 2159 376 2189 Jahrb.
392 2159 414 2188 f.
431 2159 508 2188 Phil.
533 2158 618 2195 1869,
640 2167 667 2195 p.
684 2159 849 2187 441—447.
878 2175 914 2179 —
942 2159 1044 2188 Conr.
1065 2159 1277 2196 Wernicke,
1303 2160 1346 2189 De
1367 2159 1540 2189 Pausaniae
1561 2164 1625 2188 stu-

271 2207 329 2235 diis
351 2207 542 2243 Herodoteis,
565 2207 636 2235 diss,
652 2206 753 2235 Berol.
777 2206 860 2235 1884.

264 2300 267 2302 .
371 2256 393 2293 ²)
415 2256 483 2286 Vid.
505 2255 534 2286 J.
557 2255 755 2292 Geffcken,
778 2255 860 2285 Zwei
881 2255 1066 2293 griechisohe
1081 2256 1279 2294 Apologeten,
1301 2256 1401 2294 Leipz.
1420 2256 1504 2293 1907,
1524 2265 1551 2294 p.
1569 2255 1625 2285 188

273 2305 449 2390 admtkfil
467 2362 493 2383 v.
511 2353 782 2389 Wilamowitz,
814 2353 869 2382 Die
895 2353 1080 2390 griechische
1101 2354 1260 2383 Literatur
1286 2354 1338 2383 des
1359 2354 1531 2383 Altertums
1557 2354 1627 2391 (Die'

272 2403 386 2432 Kultur
397 2403 460 2432 *der
481 2403 688 2440 Gegenwart),
716 2412 742 2439 p.
759 2403 835 2432 208:
863 2403 1030 2440 „IAbanios
1056 2403 1097 2433 ist
1116 2404 1170 2434 der
1190 2404 1275 2434 letzie
1293 2412 1395 2442 yrosse
1415 2403 1536 2440 Rhetor,
1562 2403 1625 2432 und

270 2452 364 2481 dieses
385 2452 508 2481 Platees
528 2452 569 2481 ist
588 2462 620 2481 er
640 2453 723 2481 nicht
743 2452 931 2490 unwiirdiy“.

371 2501 394 2535 ⁴)
416 2501 501 2528 (lons.
525 2501 558 2530 R.
577 2501 767 2536 Foerster,
790 2500 889 2530 Fleck.
906 2501 1010 2530 Jahrb.
1035 2502 1120 2537 1876,
1142 2510 1169 2538 p.
1185 2502 1251 2531 209.
