1848 2929
789 213 835 249 61

242 328 445 371 α’λουσιά,
479 331 573 374 quod
599 331 897 383 deprehendimus
924 333 1020 376 apud
1045 331 1239 367 Liba-nium
1274 331 1312 366 in
1340 330 1410 366 vol.
1439 330 1491 366 IV

144 389 226 433 625,
249 389 310 423 12:
337 390 397 425 καὶ
426 388 446 436 ἡ
472 387 653 426 danucia
683 390 744 425 καὶ
771 388 811 425 τό
837 389 888 438 μὴ
913 390 1029 426 πλείω
1055 391 1126 426 τῶν
1150 390 1322 436 τεττίγων
1348 388 1491 426 ἐσθίειν

143 452 180 483 et
205 448 301 492 apud
326 448 546 484 Herodotum
582 449 639 484 III
664 449 729 485 52:
765 447 1001 496 ἀλουσίῃσί
1026 462 1066 484 τε
1091 449 1151 484 καὶ
1177 447 1351 496 ἀσιτίῃσι,
1385 448 1489 484 illum

143 505 227 542 huic
245 506 376 542 debere
401 510 594 551 propterea
620 511 717 552 puto,
745 503 839 551 quod
865 508 928 550 eis,
957 518 1048 551 quae
1065 508 1370 543 Halicarnasseus
1388 507 1489 551 dicit,

142 565 299 605 rhetoris
324 567 437 600 verba
467 576 614 609 prorsus
646 567 881 609 respondent;
917 577 999 601 nam
1030 564 1071 601 τό
1097 565 1147 613 μή
1174 567 1290 602 πλείω
1316 568 1387 601 τῶν
1412 579 1489 600 τετ-

141 623 251 669 τίγων
282 621 424 659 ἐσθίειν
456 623 550 658 idem
583 627 638 658 est
668 626 775 667 atque
808 622 942 670 οἷσιτιή.
1000 624 1208 660 Invenimus
1241 625 1308 660 hoc
1339 625 1488 661 verbum

143 681 252 716 etiam
291 682 328 715 in
361 682 458 715 Eur.
487 682 604 716 Orest.
630 682 701 716 216
740 686 776 716 et
815 682 851 715 in
886 683 1105 725 Aristoph.
1134 683 1241 725 equit.
1270 683 1342 717 455
1380 686 1417 717 et
1450 683 1488 716 in

143 739 259 775 Alex.
288 740 385 784 apud
411 739 540 775 Athen.
568 739 620 776 IV
640 739 708 775 161
728 739 761 774 D
788 742 824 775 et
850 739 888 774 in
914 739 1036 784 Diog.
1065 740 1205 776 Laert.
1236 740 1326 776 VIII
1352 740 1410 776 38.

239 796 445 841 ἄσταχυς,
480 809 571 841 quae
597 809 669 833 vox
703 801 758 833 est
792 798 894 841 epica
928 802 964 833 et
996 799 1125 842 ionica⁴⁷
1158 799 1334 835 Libanius
1365 799 1404 834 in
1435 810 1486 835 or.

142 856 159 891 I
189 856 258 891 152
285 866 329 891 ex
356 856 441 890 Her.
460 857 493 893 V
511 855 597 899 923
627 866 706 890 cum
733 856 913 891 sententia
925 855 951 901 ¹)
977 860 1158 891 mutuatus
1185 860 1250 901 est,
1282 857 1344 892 ubi
1371 857 1486 892 Hero-

143 916 247 961 dotus
266 915 373 950 dicit:
402 913 546 951 ἐκόλουε
563 913 636 951 αἰεὶ
663 912 755 956 ὅκως
779 912 877 951 τινὰ
902 915 975 952 ‘idm
1002 916 1082 950 τῶν
1107 913 1329 959 οἷσταχύων
1353 914 1487 964 ὑπερ-

142 972 312 1016 έχοντα;
340 973 518 1008 Libanius
537 976 656 1008 autem
675 973 765 1008 dicit
791 973 854 1007 illo
872 974 968 1008 loco:
998 973 1254 1019 Θρασύβουλος
1280 972 1380 1013 τούς
1405 976 1487 1009 τῶν

142 1029 366 1075 ἀσταχύων
400 1030 693 1080 ὑπερέχοντας
727 1030 928 1076 ἐξέκοπτεν.
979 1031 1130 1066 Praeter
1159 1032 1252 1067 hunc
1277 1032 1392 1068 locum
1425 1043 1486 1068 ex-

142 1095 217 1126 stat
242 1091 338 1135 apud
369 1091 548 1126 rhetorem
580 1091 619 1125 in
646 1101 695 1126 or.
724 1091 779 1125 XI
809 1091 870 1125 19:
907 1088 992 1129 τούς
1019 1089 1058 1126 δὲ
1089 1088 1277 1133 ἀστάχυς
1302 1093 1373 1126 τῶν
1399 1089 1486 1139 παρ’

141 1147 265 1188 ἄλλοις
292 1148 448 1194 δένδρων
477 1148 725 1196 ὑψηλοτέρους
752 1152 788 1183 et
814 1149 851 1183 in
870 1149 994 1183 eadem
1022 1149 1184 1183 oratione
1202 1150 1264 1183 31:
1291 1148 1421 1196 αὔραις
1439 1171 1485 1174 -

143 1207 337 1256 ῥυομὲναις
361 1206 407 1244 τά
423 1221 462 1243 τε
488 1206 637 1253 σιόματα
662 1207 723 1243 καὶ
740 1204 1038 1258 τούς-οἷστάχυς
1063 1207 1127 1254 τῆς
1153 1205 1190 1242 ἐκ
1214 1208 1280 1243 τοῦ
1304 1206 1486 1258 καύματος

144 1267 274 1313 ζημίας
301 1270 337 1301 et
362 1278 412 1302 or.
427 1267 556 1303 XVIII
575 1267 661 1301 248:
697 1264 914 1313 ἐλεφάντων,
949 1261 1004 1305 οἷς
1036 1266 1116 1301 ἰ’σον
1150 1264 1252 1313 ἔργον
1286 1264 1333 1301 δι’
1358 1264 1486 1302 οἷστα-

143 1323 253 1368 χύων
286 1323 409 1360 ἐλθεῖν
434 1324 495 1360 καὶ
526 1323 724 1372 φάλαγγος.
776 1323 845 1359 Sed
877 1323 986 1359 etiam
1019 1324 1114 1368 apud
1140 1324 1362 1359 Homerum
1394 1325 1487 1360 hanc

142 1394 266 1418 vocem
306 1383 508 1419 invenimus
548 1383 585 1417 in
623 1383 729 1417 Iliad.
758 1383 796 1417 II
819 1383 906 1426 148,
946 1386 983 1418 et
1016 1393 1060 1417 ex
1093 1382 1355 1426 posterioribus
1392 1384 1487 1427 apud

141 1442 421 1478 Plutarchum
447 1452 700 1486 nonnunquam
729 1445 764 1477 et
790 1442 886 1486 apud
911 1441 1147 1477 Lucianum
1173 1441 1277 1477 Char.
1306 1442 1338 1477 2.

239 1499 410 1549 βρέφος.
463 1501 563 1536 Haec
589 1511 661 1536 vox
692 1512 714 1535 a
739 1500 896 1535 Libanio
929 1500 966 1535 in
992 1511 1043 1535 or.
1064 1500 1152 1534 LIX
1170 1501 1213 1534 51
1243 1511 1353 1543 aeque
1380 1504 1486 1544 atque

143 1561 188 1595 ab
228 1560 412 1595 Herodoto
451 1559 469 1593 Ι
498 1559 564 1594 111
581 1558 607 1604 2)
648 1558 840 1593 adhibetur
874 1559 917 1593 de
951 1558 1045 1603 Cyro
1077 1558 1252 1603 Astyagis
1286 1562 1413 1602 nepote
1452 1562 1487 1593 et

141 1619 339 1653 Mandanes
365 1618 516 1652 infante.
561 1617 631 1653 Sed
657 1617 767 1652 etiam
794 1617 837 1652 de
864 1616 993 1652 bestiis
1018 1617 1122 1651 modo
1151 1616 1258 1652 editis
1283 1617 1485 1652 Herodotus

142 1677 208 1711 hoc
231 1676 459 1711 substantivo
478 1675 593 1710 utitur
615 1675 673 1710 III
693 1675 773 1710 153.
817 1675 970 1710 Praeter
994 1678 1184 1718 utrumque
1210 1675 1486 1718 deprehenditur

142 1735 237 1778 apud
263 1734 494 1769 Pindarum
521 1733 662 1778 Olymp.
683 1733 735 1769 VI
759 1733 805 1768 33
833 1736 869 1768 et
894 1733 999 1778 Pyth.
1018 1733 1073 1768 IX
1092 1734 1149 1777 64,
1177 1734 1272 1777 apud
1297 1734 1484 1778 Aeschy-

141 1793 224 1828 lum
250 1793 377 1837 Agam.
400 1792 504 1837 1096,
532 1792 627 1836 apud
653 1791 908 1836 Euripidem
934 1792 1066 1828 Bacch.
1096 1792 1175 1828 289.

240 1850 350 1897 ἠιών.
402 1852 506 1886 Hanc
541 1861 663 1886 vocem
703 1851 851 1885 adhibet
890 1850 1068 1886 Libanius
1106 1861 1155 1886 or.
1184 1851 1270 1885 LIX
1299 1851 1366 1885 139
1405 1850 1483 1895 (κα-

141 1907 302 1957 θήμενος
327 1908 398 1944 ἐπὶ
424 1911 498 1956 τῆς
526 1906 704 1957 ἠιόνος),
739 1912 823 1944 ante
849 1919 953 1952 quem
984 1908 1101 1944 locum
1134 1909 1209 1943 alia
1234 1909 1344 1943 verba
1369 1908 1484 1943 Hero-

142 1969 218 2004 doti
253 1968 403 2013 propria
438 1971 584 2004 exstant
623 1967 738 2012 (velut
773 1968 793 2012 ἓ
823 1967 891 2003 138
928 1967 1063 2011 legitur
1099 1965 1265 2014 λαμπρός
1301 1967 1343 2001 (18
1377 1970 1482 2002 vento

141 2030 351 2071 usurpatum
360 2025 387 2072 3)
415 2030 451 2062 et
476 2025 669 2073 ἐξώστης-4)
688 2026 761 2071 θῑξ
783 2026 851 2061 139
877 2025 1058 2073 κρυμόςό),
1087 2031 1122 2060 et
1139 2026 1339 2060 Herodotus
1358 2025 1394 2059 II
1416 2025 1483 2059 113

142 2084 238 2127 (ἐπὶ
265 2086 339 2133 τῆς
367 2083 548 2133 ἠιόνος),
583 2095 651 2129 quo
682 2084 761 2120 loco
797 2088 833 2120 et
866 2084 945 2129 ipso
977 2084 1067 2120 illud
1102 2083 1256 2130 ἐξώσιης
1290 2083 1483 2119 invenitur.

140 2145 338 2180 Praeterea
379 2144 557 2179 Libanius
604 2154 728 2180 vocem
778 2145 929 2187 praebet
979 2143 1016 2178 in
1068 2155 1122 2187 ep.
1151 2144 1218 2177 471
1268 2140 1366 2181 (ἐπὶ
1408 2144 1489 2189 τῆς

142 2200 308 2249 ἠιόνος)
344 2204 381 2237 et
414 2202 452 2237 in
486 2212 540 2246 ep.
571 2202 664 2236 1474
699 2200 796 2241 (ἐπὶ
821 2202 895 2248 τῆς
921 2198 1085 2248 ἠιόνος)
1116 2211 1226 2244 aeque
1257 2203 1363 2243 atque
1397 2200 1484 2235 Her.

141 2261 180 2295 II
208 2262 278 2296 113
311 2261 517 2305 genetivum
551 2270 631 2296 cum
663 2259 726 2296 ἐπὶ
752 2259 1023 2304 praepositione
1050 2259 1267 2303 coniungens
1301 2262 1337 2293 et
1367 2258 1404 2293 in
1432 2269 1483 2293 or.

242 2357 263 2395 ¹)
284 2357 361 2387 Vide
381 2366 449 2395 pag.
472 2357 519 2387 45.

241 2407 263 2443 ²)
285 2407 362 2437 Vide
383 2416 451 2444 pag.
473 2406 520 2435 32.

240 2455 263 2492 ³)
286 2458 317 2484 et
338 2455 361 2493 ⁴)
384 2455 460 2485 Vide
481 2454 572 2483 infra.

241 2503 263 2540 ⁵)
286 2504 361 2541 Pag,
382 2505 429 2533 62.
