1848 2929
790 214 838 250 59

144 327 273 372 (ἑὸιειτο
309 327 373 365 ἐπὶ
408 331 473 365 τοῦ
508 329 710 375 σκίμποδος
745 331 1044 379 λειποψυχῶν)
1082 332 1150 367 hoc
1184 332 1332 367 verbum
1369 330 1488 366 forma

143 387 333 434 participii
366 391 495 434 exstat,
530 380 800 436 Thucydides
833 394 952 427 autem
983 390 1036 428 IV
1056 391 1150 436 12,1
1192 393 1228 426 et
1252 389 1487 435 Xenophon

144 447 239 482 Hell.
267 447 299 483 V
316 447 350 492 4,
369 448 415 483 58
456 448 608 484 formam
651 449 842 486 indicativi
885 449 1066 486 adhibent.
1125 450 1320 485 Praeterea
1352 449 1488 493 legitur

144 506 183 541 in
217 505 400 542 Aristot.
427 506 497 543 vol.
525 507 564 543 II
589 518 624 552 p.
644 508 715 544 880
729 509 762 553 b,
783 509 828 544 29
863 511 899 544 et
923 509 1017 553 apud
1044 508 1313 544 Xenarchum
1340 507 1485 554 (Athen.

143 565 196 601 VI
219 565 289 601 225
307 565 366 612 D).

243 622 522 672 ὀμοφρονεῖν,
548 626 641 668 quod
663 626 759 669 apud
779 625 973 661 Libanium
994 626 1129 670 legitur
1146 626 1217 662 vol.
1233 626 1285 662 IV
1301 626 1382 670 714,
1397 625 1441 660 21
1455 625 1489 660 R

146 681 187 724 (ὁ
219 684 333 730 δῆμος
363 704 410 708 -
444 682 494 728 ὀμ
503 682 782 731 οφρονήσας),
824 684 1000 720 Herodoti
1042 684 1253 720 auctoritati
1294 687 1488 729 propterea

144 741 280 786 tribuo,
320 742 415 786 quod
452 743 549 786 apud
586 742 680 778 hunc
718 745 838 778 exstat
863 742 955 779 VIII
980 743 1018 787 3,
1058 753 1102 778 ex
1140 753 1208 786 quo
1247 743 1367 787 capite
1405 743 1487 778 rhe—

144 803 259 837 torem
301 801 518 837 sententiam
560 801 825 846 deprompsisse
867 800 939 837 iam
982 812 1091 846 supra
1132 801 1287 838 vidimus
1299 801 1344 849 ¹);
1396 801 1488 837 dicit

145 863 265 895 autem
291 860 358 895 hoc
383 860 481 895 loco:
518 858 645 901 στάσις
669 857 736 907 γάρ
768 857 929 907 ἔμφυλος
955 859 1116 904 πολέμου
1140 859 1488 908 ὁμοφρονέοντος

144 915 305 963 τοσούτῳ
342 916 465 953 κάκιόν
499 917 597 953 ἐστιν
630 916 704 963 ὅσῳ
741 915 902 963 πόλεμος
936 916 1089 965 εἰρήνης.
1138 918 1333 953 Praeterea
1368 921 1489 953 exstat

145 976 213 1011 hoc
240 977 389 1012 verbum
422 977 518 1020 apud
551 976 637 1012 Her.
664 976 736 1013 VII
761 976 842 1020 229,
877 986 922 1012 ex
949 986 1017 1019 quo
1046 976 1164 1020 capite
1191 976 1314 1012 rhetor
1340 977 1489 1013 verbum

145 1034 388 1082 λειποψυχεῖν
412 1035 566 1080 sumpsit
577 1033 615 1082 ²),
643 1038 679 1071 et
695 1034 752 1070 IX
770 1035 803 1070 2.
857 1034 927 1070 Sed
953 1034 1062 1070 etiam
1080 1034 1374 1079 deprehendimus
1392 1035 1489 1079 apud

146 1093 260 1129 Hom.
289 1094 353 1130 Od.
373 1094 425 1131 VI
445 1094 525 1130 183.
553 1094 609 1139 IX
626 1094 698 1129 456
725 1097 761 1129 et
786 1093 888 1129 Xen.
915 1093 1012 1129 Hell.
1033 1093 1103 1130 VII
1129 1093 1161 1138 5,
1183 1094 1214 1129 7.

244 1152 552 1199 παρισοῦσθαι
587 1152 723 1198 (parem
750 1163 822 1187 esse
847 1152 985 1195 alicui).
1037 1152 1116 1187 Hoc
1141 1153 1287 1187 verbum
1313 1151 1489 1187 Libanius

145 1220 258 1254 aeque
284 1213 392 1255 atque
416 1211 622 1247 Herodotus
648 1221 727 1247 cum
751 1210 875 1247 dativo
895 1220 1077 1257 ,personae
1100 1210 1286 1255 coniungit
1311 1213 1347 1246 et
1373 1209 1490 1246 forma

147 1269 335 1313 participii
360 1270 563 1313 praesentis
590 1270 756 1313 adhibet;
795 1280 879 1304 nam
904 1269 1058 1313 legimus
1084 1270 1180 1313 apud
1204 1269 1284 1304 Lib.
1312 1280 1362 1314 or.
1389 1269 1408 1303 I
1425 1269 1489 1304 30:

148 1325 298 1374 γέροντα
331 1325 489 1375 γλώττης
525 1325 635 1375 ἡδονῇ
659 1327 716 1373 τῷ
741 1325 933 1374 Νέστορι
966 1324 1290 1373 παρισούμενον
1325 1330 1361 1362 et
1397 1327 1491 1371 apud

147 1386 234 1421 Her.
261 1386 314 1423 IV
342 1387 428 1422 166:
468 1384 794 1434 παρισούμενος
820 1385 992 1433 Δαρείῳ
1019 1389 1055 1421 et
1080 1385 1171 1422 VIII
1200 1385 1268 1421 140
1286 1398 1326 1421 a:
1366 1383 1416 1432 μή
1441 1379 1491 1420 ὦν

149 1441 331 1489 βούλεσθε
368 1443 689 1492 παρισούμενοι
725 1444 902 1489 βασιλεῖ
927 1443 1124 1491 στερέσθαι
1162 1442 1229 1487 μὲν
1261 1445 1324 1490 τῆς
1354 1441 1490 1491 χώρης;

148 1506 232 1538 sunt
258 1506 378 1539 autem
403 1504 517 1539 verba
542 1502 745 1539 Alexandri
770 1503 1005 1540 Macedonum
1031 1502 1145 1548 regis,
1180 1502 1226 1538 ad
1251 1512 1354 1546 quem
1378 1501 1490 1538 Liba-

148 1561 230 1596 nius
257 1561 366 1597 etiam
393 1562 477 1598 aliis
503 1562 594 1597 locis
620 1572 659 1598 se
684 1561 801 1597 refert
810 1561 849 1608 ⁸).
893 1561 1035 1606 Plato,
1064 1561 1125 1605 qui
1150 1562 1216 1596 hoc
1243 1562 1352 1596 verbo
1377 1560 1492 1595 utitur

148 1620 219 1665 pol.
247 1620 300 1657 VI
325 1632 359 1666 p.
379 1621 451 1657 498
469 1621 501 1656 Ε
527 1619 654 1670 (ἀρετῇ
679 1619 934 1668 παρισωμένον
963 1620 1023 1657 καὶ
1049 1617 1307 1665 ὡμοιωμένον),
1340 1619 1491 1655 formam

149 1679 338 1724 participii
368 1680 524 1724 perfecti
555 1680 713 1716 adhibet.
766 1680 836 1716 Sed
863 1680 974 1715 etiam
1007 1680 1045 1714 in
1072 1679 1229 1715 carmine
1255 1677 1493 1713 Archimeli

150 1737 311 1784 (Anthol.
337 1738 415 1774 Pal.
444 1749 526 1783 app.
555 1737 615 1785 15)
657 1738 794 1783 legitur
830 1739 897 1774 hoc
930 1739 1078 1774 verbum
1113 1741 1148 1773 et
1179 1736 1408 1772 Theocrit.
1436 1736 1491 1771 id.

150 1796 278 1832 XVIII
304 1797 361 1833 25.

260 1856 502 1904 πυρπολεῖν
548 1855 638 1893 dicit
685 1856 892 1893 Herodotus
934 1855 1027 1894 VIH
1058 1856 1121 1901 50,
1173 1855 1211 1890 in
1258 1864 1325 1899 quo
1374 1852 1493 1899 capite

152 1915 304 1950 Graecis
338 1916 527 1950 nuntiatur
553 1916 714 1951 Atticam
748 1926 771 1951 a
796 1915 920 1951 Persis
954 1915 1050 1950 dirui
1081 1926 1124 1950 ac
1155 1913 1283 1949 deleri:
1319 1911 1494 1959 ἐληλύθεε

150 1970 241 2022 οἶνήρ
259 1970 455 2022 Ἀθηναῖος
480 1971 662 2021 ἀγγέλλων
687 1971 786 2022 ἣκειν
810 1971 873 2010 τὸν
897 1971 1084 2022 βάρβαρον
1110 1971 1147 2014 ἐς
1171 1969 1234 2020 τήν
1250 1967 1409 2018 Ἀττικήν
1433 1969 1494 2006 καὶ

151 2033 273 2069 πᾶσαν
306 2031 418 2081 αὐτὴν
450 2032 804 2082 πυρπολέεσθαι,
851 2037 886 2069 et
924 2033 1101 2069 Libanius
1138 2043 1187 2068 or.
1220 2031 1308 2067 LIX
1339 2031 1402 2065 79:
1450 2027 1494 2070 ἃς

153 2089 219 2138 γὰρ
245 2090 338 2137 (scil.
365 2090 507 2134 πόλεις)
538 2090 668 2128 ἐκεῖνοι
693 2092 1023 2139 πυρπολοῦντες
1049 2088 1329 2137 ἀπηλλάττοντο,
1359 2087 1494 2128 ταύτας

153 2147 227 2188 ε”δει
253 2148 339 2192 τοὺς
364 2149 554 2193 κατιόντας
578 2149 763 2200 ἀνορθοῦν
797 2154 833 2187 et
859 2150 948 2187 decl.
976 2150 1026 2188 IV
1045 2150 1092 2186 64
1108 2149 1157 2185 F:
1187 2144 1250 2184 κᾶν
1275 2148 1411 2189 παῖδας
1436 2146 1496 2184 καὶ

154 2212 322 2255 γυναῖκας
359 2207 712 2257 α’νδραποὸίζωνται,
754 2208 818 2245 κᾶν
856 2209 1111 2257 πυρπολοῦσι
1153 2205 1216 2254 τήν
1250 2205 1368 2242 πόλιν.
1415 2207 1495 2242 Hoc

152 2269 301 2304 verbum
332 2267 527 2304 Libanium
552 2268 736 2304 Herodoto
771 2268 900 2304 debere
935 2278 978 2304 ea
1009 2267 1051 2303 de
1084 2276 1192 2302 causa
1222 2275 1366 2310 censeo,
1401 2265 1496 2309 quod

154 2328 192 2362 in
217 2328 284 2363 illa
309 2331 414 2371 parte
439 2328 528 2363 libri
553 2328 675 2364 octavi
695 2327 972 2363 Halicarnassei
997 2327 1118 2361 rhetor
1142 2334 1280 2360 summa
1305 2334 1385 2359 cum
1411 2324 1495 2359 dili-

254 2423 274 2462 ¹)
296 2424 373 2455 Vide
391 2432 459 2462 pag.
481 2424 528 2455 37.

254 2473 276 2510 ²)
297 2473 374 2503 Vide
393 2482 462 2511 pag.
484 2474 530 2503 58.

254 2522 277 2560 ³)
299 2522 376 2553 Vide
395 2531 463 2560 pag.
486 2524 523 2552 24
535 2531 577 2560 sq.
599 2525 630 2553 et
650 2523 696 2553 28.
