1848 2929
856 220 904 256 35

206 338 326 374 Dareo
364 338 583 383 gravissima
621 338 836 375 detrimenta
874 338 1072 374 intulerunt
1111 348 1153 373 ea
1191 347 1247 382 re,
1292 337 1385 381 quod
1425 335 1549 372 Persis

205 408 383 442 nunquam
408 397 618 434 resistentes
646 397 764 435 fontes
791 399 987 434 obruerunt
1012 400 1048 433 et
1070 407 1206 442 pascua
1232 396 1420 432 diruerunt
1446 395 1547 443 (Her.

207 456 257 490 IV
279 456 501 502 121-141);
547 457 700 502 Scythas
737 457 775 492 in
812 456 987 502 plaustris
1023 456 1160 492 vixisse
1195 455 1309 491 tradit
1344 455 1550 490 Herodotus

205 515 256 550 IV
278 516 363 551 121:
397 513 462 557 τὰς
492 514 532 553 δὲ
562 514 702 562 ἀμάξας
735 515 772 552 ἕν
802 516 886 565 τῇσί
912 528 980 564 σφι
1013 516 1178 553 διαιτᾶτο
1209 511 1254 551 τὰ
1283 512 1387 550 τέκνα
1419 513 1479 550 καὶ
1509 511 1549 550 αἱ

204 577 378 623 γυναῖκες.
407 597 450 600 —
477 575 520 610 In
546 584 595 611 or.
615 576 703 611 LIX
722 576 769 611 96
795 575 959 620 sophista
977 575 1081 610 dicit:
1113 575 1176 622 τῆς
1193 573 1347 622 πορείας
1371 572 1413 609 τὸ
1438 572 1548 617 τάχος

206 627 234 678 ᾧ
263 631 348 674 τοὺς
373 633 690 678 Λακεδαιμονίους
721 633 964 681 παρέδραμεν,
999 643 1090 677 quae
1121 636 1217 668 certe
1252 633 1298 668 ad
1324 632 1547 668 Herodotum

203 691 394 728 referenda
429 696 527 737 sunt,
572 692 634 737 qui
669 696 796 729 narrat
826 692 879 730 VI
907 692 994 728 120:
1039 690 1345 737 Λακεδαιμονίων
1381 690 1421 728 δὲ
1463 684 1547 738 ἧκον

204 749 241 791 ἐς
266 749 331 792 τοὶς
356 749 511 798 Ἀθήνας
542 751 715 794 δισχίλιοι
748 749 840 795 μετὰ
870 750 934 798 τὴν
961 750 1184 797 πανσέληνον
1215 748 1358 793 ἔχοντες
1384 747 1547 797 σπουδήν

203 807 339 857 πολλὴν
364 809 580 855 καταλαβεῖν
606 806 700 845 οὕτω
734 807 826 846 ὥστε
859 811 1018 857 τριταῖοι
1049 808 1087 844 ἐκ
1112 807 1284 856 Σπάρτης
1315 806 1476 854 ἐγένοντο
1509 807 1547 843 ἐν

203 868 248 914 τῇ
271 865 433 915 Ἀττικῇ.
492 868 617 903 Nihilo
660 868 778 903 minus
820 867 1099 903 Lacedaemonii
1142 867 1423 902 Atheniensibus
1465 877 1546 902 sero

203 930 378 962 venerunt
404 926 552 971 auxilio,
585 926 623 962 id
649 927 743 971 quod
772 926 896 963 rhetor
920 925 1071 971 respicit
1102 926 1140 962 in
1166 936 1221 971 ep.
1242 926 1312 962 252
1343 926 1390 962 ad
1415 925 1547 962 Caesa·
1602 941 1606 945 >

202 985 295 1020 rium
321 986 431 1022 missa
462 986 518 1021 his
545 986 685 1022 verbis:
720 984 806 1027 τοὺς
832 985 1150 1030 Λακεδαιμονίους
1180 985 1384 1032 μεμίμηταί
1411 998 1477 1020 σου
1502 983 1547 1020 τὰ

202 1041 414 1091 γράμματα·
446 1044 506 1079 καὶ
531 1042 598 1091 γὰρ
626 1042 756 1079 ἐκεῖνοι
781 1042 871 1089 μετὰ
895 1045 967 1079 τῶν
993 1042 1106 1091 ἔργων
1135 1037 1217 1091 ἧκον
1242 1042 1296 1084 εἷς
1322 1045 1546 1091 Μαραθῶνα

202 1104 355 1149 βοηθεῖν
386 1101 590 1148 ἐγνωκότες,
625 1100 700 1139 ἔδει
731 1102 771 1138 δὲ
802 1101 908 1138 οὐδὲν
939 1100 993 1138 ἔτι
1024 1102 1227 1149 βοηθεῖνῑ).
1282 1102 1371 1137 Item
1397 1102 1547 1138 Libanii

203 1162 314 1197 verba
341 1161 378 1196 in
404 1172 458 1205 ep.
479 1162 548 1196 277
577 1162 623 1196 ad
649 1161 822 1196 Acacium
848 1161 978 1197 missa:
1015 1164 1072 1197 δεῖ
1097 1159 1137 1197 δὲ
1164 1174 1203 1197 σε
1228 1159 1294 1202 τοὶς
1320 1159 1442 1202 αἰτίας
1468 1174 1547 1196 πει-

203 1221 342 1267 ρᾶσθαι
376 1218 509 1261 λύειν,
552 1218 681 1267 διόπερ
720 1217 909 1264 οἷνέμεινας
942 1217 1006 1255 οὐκ
1038 1218 1182 1266 οἰηθεὶς
1212 1220 1289 1254 δεῖν
1319 1219 1544 1255 Πλαταιεῦσι

202 1275 450 1326 ἀκολουθῆσαι
475 1278 612 1322 μᾶλλον
644 1276 665 1326 ἢ
690 1279 798 1324 κοινῷ
830 1277 942 1324 νόμῳ
977 1289 1021 1314 ex
1052 1278 1236 1314 Herodoto
1269 1277 1546 1323 intelleguntur3

203 1348 285 1373 nam
301 1337 534 1373 Plataeenses
554 1337 835 1373 Atheniensibus
862 1348 967 1381 quam
994 1337 1181 1373 celerrime
1208 1337 1346 1373 auxilio
1374 1341 1549 1373 venerunt

203 1396 303 1443 (Her.
331 1396 383 1430 VI
411 1396 511 1442 108),
546 1396 823 1432 Lacedaemonii
860 1399 995 1440 autem,
1036 1396 1098 1439 qui
1128 1396 1300 1432 nolebant
1333 1394 1451 1432 λύειν
1476 1394 1548 1432 τὸν

203 1453 335 1500 νόμον
367 1455 468 1500 (Her.
488 1455 541 1490 VI
561 1454 655 1502 106),
683 1465 763 1490 sero
791 1456 1022 1491 advenerunt.
1076 1455 1178 1501 Quod
1204 1456 1300 1500 apud
1326 1455 1547 1490 Herodotum

202 1513 481 1549 Lacedaemonii
499 1513 736 1549 Athenienses
762 1517 911 1557 propter
936 1514 1127 1550 victoriam
1154 1514 1201 1548 ad
1226 1514 1476 1548 Marathonem
1504 1514 1547 1548 de

200 1572 324 1607 Persis
367 1574 509 1616 partam
551 1571 805 1616 laudaverunt,
850 1571 887 1606 id
928 1571 1128 1616 respiciunt
1164 1571 1312 1608 Libanii
1352 1573 1466 1608 verba
1508 1571 1547 1607 in

202 1641 252 1665 or.
284 1629 338 1675 12)
362 1631 426 1665 67:
467 1630 679 1676 συνέχαιρον
713 1628 836 1677 ὥσπερ
880 1628 916 1664 οἱ
951 1629 1244 1675 Λακεδαιμόνιοι
1279 1628 1372 1674 μετὰ
1407 1628 1472 1677 τὴν
1507 1628 1546 1665 ἐν

201 1689 415 1736 Μαραθῶνι
440 1686 558 1735 μάχην
583 1690 661 1729 τοῖς
686 1686 916 1735 Ἀθηναίοις.
948 1709 995 1713 -
1026 1688 1069 1724 In
1096 1698 1146 1724 or.
1174 1688 1283 1724 XLII
1309 1689 1356 1724 52
1381 1688 1544 1733 Argivis,

200 1747 261 1789 qui
279 1747 441 1782 Athenas
467 1758 490 1781 a
506 1747 629 1782 Persis
648 1747 743 1782 dirui
770 1757 812 1782 ac
830 1747 944 1782 deleri
969 1747 1069 1790 passi
1096 1750 1216 1782 essent
1237 1747 1332 1782 domi
1359 1750 1545 1782 manentes

200 1804 299 1850 (Her.
319 1804 390 1840 VII
410 1805 479 1839 148
493 1804 572 1850 sq.),
609 1804 787 1840 Libanius
813 1804 957 1840 crimini
983 1805 1060 1849 dat,
1096 1805 1189 1848 quod
1216 1815 1286 1840 non
1320 1805 1404 1840 illos
1429 1805 1544 1840 Lace-

200 1862 406 1898 daemonios
446 1866 565 1899 essent
597 1862 742 1898 imitati.
782 1884 828 1888 —
868 1863 911 1898 In
945 1873 1000 1908 ep.
1028 1863 1120 1898 1139
1159 1863 1206 1898 ad
1238 1863 1542 1899 Fortunatianum

199 1921 310 1956 missa
326 1921 504 1957 Libanius
531 1922 671 1957 dicens:
699 1920 733 1956 εἰ
753 1922 819 1966 μὲν
843 1919 908 1969 γὰρ
935 1917 1024 1968 ἦσαν
1048 1921 1134 1966 ύμῖν
1157 1920 1286 1969 ἄνδρες
1312 1917 1384 1957 οἷοι
1412 1920 1544 1957 παύειν

199 1977 371 2021 ἀπειλαῖς
381 1978 407 2025 ³)
443 1978 661 2028 μαινομένην
697 1978 898 2023 θάλατταν,
936 1978 985 2016 δι’
1019 1978 1104 2016 οἵων
1140 1978 1240 2027 αὐτῷ
1276 1979 1416 2029 Ξέρξην
1451 1981 1543 2029 φασὶ

200 2037 389 2084 διαλλάξαι
415 2038 478 2086 τὴν
503 2035 691 2076 θάλατταν
716 2039 754 2074 in
780 2039 900 2075 animo
926 2040 1045 2083 habet,
1078 2040 1170 2082 quod
1196 2040 1402 2074 Herodotus
1428 2039 1543 2074 tradit

300 2176 320 2213 ¹)
342 2176 406 2205 Hoc
426 2177 457 2205 in
478 2177 629 2213 proverbii
650 2176 896 2206 consuetudinem
916 2177 1033 2205 venisse
1054 2178 1188 2204 testatur
1214 2175 1347 2203 Suidas
1372 2183 1394 2204 s.
1410 2184 1437 2203 v.
1461 2179 1541 2203 Μα-

200 2223 343 2262 ραθών·
372 2222 447 2263 μετὰ
468 2223 522 2262 τὴν
543 2226 576 2254 ἐν
597 2224 773 2263 Μαραθῶνι
793 2223 898 2264 μάχην
918 2227 968 2253 καὶ
992 2223 1067 2263 μετὰ
1088 2222 1140 2253 τὸν
1161 2222 1294 2262 πόλεμον
1320 2221 1335 2260 ἢ
1358 2227 1521 2262 συμμαχία
1534 2231 1540 2237 ·

200 2272 329 2314 ἐπὶ-τῶν
349 2274 400 2303 ἐπὶ
422 2271 566 2304 ὑποθέσει
587 2277 647 2303 τινὶ
667 2272 964 2313 κάθυστερησάντων,

298 2322 320 2360 ²)
341 2322 538 2353 Inscribitur:
567 2327 641 2357 Βίος
662 2321 680 2361 ἢ
699 2326 768 2362 περὶ
788 2323 837 2360 τῆς
857 2323 965 2353 ἑαυτοῦ
986 2322 1085 2361 τύχης.

298 2371 320 2408 ³)
342 2369 477 2406 ἀπειλαῖς
497 2372 685 2410 Foerster,
707 2375 742 2402 ut
763 2372 827 2410 ipse
847 2372 920 2402 mihi
940 2372 1027 2409 dixit,
1048 2372 1174 2409 corrigit
1195 2379 1230 2400 ex
1251 2372 1390 2408 ἐπῳδαῖς,
1412 2370 1491 2407 quod
1511 2371 1544 2400 in

199 2419 350 2450 codicibus
376 2424 488 2459 exstat,
517 2422 674 2452 conferens
701 2422 820 2452 Libanii
841 2422 932 2452 verba
959 2422 990 2451 in
1019 2430 1060 2451 or.
1082 2420 1187 2451 XVIII
1210 2420 1280 2449 117:
1313 2418 1544 2450 ἀπειλοῦντα

197 2471 290 2507 μείζω
310 2470 364 2499 τοῦ
387 2472 515 2509 Ξέρξου;
544 2480 615 2501 nam
635 2472 728 2502 verba.
748 2480 860 2508 eorum,
881 2472 932 2507 qui
947 2471 1174 2507 Hellespontum
1195 2469 1368 2507 verberant,
1389 2479 1449 2499 non
1472 2473 1545 2499 sunt

200 2519 322 2556 ἑπῳδαί,
344 2519 396 2547 sed
418 2517 546 2550 ἀπειλαί.

1390 2579 1426 2608 3*
