1848 2929
782 177 1010 260 *224

226 319 299 358 ἔδει
326 323 452 357 καινοῦ
476 324 640 370 χρησμοῦ
665 321 783 367 τινός;
819 334 901 358 nam
921 323 1194 358 Atheniensium
1221 321 1351 365 nuntii,
1380 321 1442 364 qui
1468 320 1572 356 missi

182 371 184 374 ¹
226 384 339 426 erant,
374 384 414 416 ut
439 380 644 425 Apollinem
679 383 722 417 de
748 382 842 417 bello
877 393 957 418 oum
981 381 1106 417 Persis
1140 381 1297 426 gerendo
1330 380 1571 424 consulerent,

225 449 304 474 cum
335 439 469 484 Pythia
502 441 748 489 respondisset
781 433 918 476 summa
951 440 1047 475 mala
1077 440 1240 475 Athenas
1274 449 1447 483 pressura
1481 448 1571 482 esse,

225 508 348 533 rursus
365 498 479 547 >deum
516 498 779 543 consuluerunt,
818 498 855 534 id
889 499 983 542 quod
1010 499 1216 534 Herodotus
1242 497 1315 534 VII
1334 496 1405 532 140
1433 499 1471 532 et
1503 496 1570 531 141

225 555 404 602 tradidit.)
457 557 513 591 Ad
540 558 662 591 eadem
689 557 837 592 oracula
863 561 898 592 et
924 557 970 591 ad
997 567 1049 601 ea,
1084 567 1175 599 quae
1201 556 1312 591 Bacis
1340 559 1376 591 et
1401 556 1572 590 Musaeus

225 616 260 649 et
284 614 513 659 Lysistratus
540 615 584 649 de
609 625 730 659 pugna
756 616 803 650 ad
820 615 1039 651 Salaminem
1065 614 1322 650 committenda
1347 613 1568 657 cecinerunt,

223 675 263 707 ut
295 673 500 708 Herodotus
541 676 697 708 testatur
736 673 828 709 VIII
855 674 901 708 20
935 677 971 708 et
1004 674 1067 717 96,
1109 673 1259 708 Libanii
1291 674 1405 709 verba
1444 672 1482 707 in
1517 682 1568 707 or.

222 730 292 766 XV
310 731 373 766 37:
410 730 605 775 ναυμαχίαι
635 729 726 776 μετὰ
750 732 920 779 χρησμῶν
951 730 1244 779 κατορθούμεναι
1275 732 1338 767 καὶ
1364 729 1569 768 πείθουσαι

222 787 307 830 τούς
341 788 551 838 βαρβάρους
585 788 726 836 ἀγαπᾶν
761 788 846 832 τούς
878 788 1054 838 οἷρχαίους
1089 788 1199 838 ὅρους
1234 790 1428 826 referenda
1464 793 1567 834 sunt;

223 859 306 883 nam
341 848 596 893 Athenienses,
635 849 696 891 qui
732 849 808 884 illis
846 849 1003 884 oraculis
1040 851 1395 893 obtemperaverant,
1434 849 1568 884 Persas

225 906 401 942 vicerunt.
458 907 595 943 Eodem
637 910 803 951 spectant
844 918 935 951 quae
977 908 1155 943 Libanius
1197 907 1340 952 profert
1382 907 1420 943 in
1466 918 1568 952 apo-

223 965 343 1009 logia
377 965 572 1000 Soeratis
606 965 691 1011 (vol.
711 966 743 1002 V
769 966 857 1001 decl.
876 966 896 1001 I
921 966 941 1011 ξ
969 966 1074 1012 179);
1111 964 1165 1005 εἰς
1197 964 1307 1013 δόξαν
1332 967 1385 1012 τῷ
1408 965 1565 1011 μαντείῳ

224 1023 290 1058 τοῦ
331 1020 573 1065 Ἀπόλλωνος,
617 1044 663 1048 —
707 1021 754 1060 δι’
792 1017 835 1058 οὗ
877 1022 1031 1071 Μήδους
1072 1022 1293 1061 ἀπωλέσατε.
1334 1045 1380 1049 -
1403 1024 1467 1059 ἸΠ
1509 1034 1563 1069 ep.

226 1082 354 1117 1036b
389 1083 436 1117 ad
460 1082 656 1125 Ulpianum
682 1082 794 1118 missa
818 1082 996 1118 Libanius
1023 1083 1167 1118 scribit:
1203 1082 1362 1130 μίμησαί
1388 1096 1452 1128 μοι
1479 1081 1565 1122 τοὺς

222 1138 456 1186 Ἀθηναίους,
489 1133 537 1174 ὧν
568 1137 611 1174 οὐ
640 1140 776 1183 μᾶλλον
807 1139 1027 1185 ἐπαινοῦμεν
1057 1139 1098 1175 τὸ
1130 1141 1308 1185 Σαλαμῖνι
1339 1140 1517 1186 τρόπαιον
1543 1138 1564 1188 ἢ

221 1195 278 1234 ὅτι
313 1193 429 1243 εἶξαν
461 1199 538 1237 τοῖς
568 1196 633 1239 τὰς
668 1195 792 1244 ὀλίγας
822 1199 910 1238 ναῦς
943 1196 1208 1245 παρεχομένοις
1247 1196 1388 1243 ἔχοντες
1420 1197 1561 1239 ὁπόσας

222 1253 351 1298 οἶσθα,
390 1258 483 1300 quod
513 1267 557 1292 ex
587 1257 770 1292 Herodoto
802 1257 933 1301 hausit,
965 1259 1061 1301 apud
1091 1268 1194 1301 quem
1224 1258 1377 1302 legimus
1407 1258 1499 1294 VIII
1524 1259 1561 1293 3:

222 1313 357 1359 ἐγένετο
390 1313 456 1362 γὰρ
490 1313 566 1350 κατ’
592 1312 707 1363 ἀρχὰς
733 1313 854 1361 λόγος,
888 1315 976 1363 πρὶν
1003 1313 1024 1363 ἢ
1054 1315 1113 1352 καὶ
1148 1314 1185 1357 ές
1210 1315 1376 1363 Σικελίην
1406 1314 1564 1361 πέμπειν

222 1373 284 1410 ἐπὶ
307 1374 526 1421 συμμαχίην,
553 1372 603 1415 ὠς
628 1372 670 1409 τό
686 1372 862 1409 ’ναυτικὸν
879 1372 1109 1421 Ἀθηναίοισι
1136 1373 1242 1422 χρεὸν
1259 1375 1315 1422 εἴη
1341 1374 1562 1422 ἐπιτρέπειν.

219 1430 440 1477 ἀντιβάντων
475 1431 515 1468 δὲ
550 1433 620 1467 τῶν
657 1431 856 1476 συμμάχων
894 1427 1011 1467 εἶκον
1044 1431 1084 1467 οἱ
1115 1431 1362 1480 Ἀθηναῖοι,
1400 1432 1492 1479 μέγα
1525 1446 1564 1468 τε

219 1489 431 1535 ποιεύμενοι
469 1492 649 1538 περιεῖναι
682 1487 747 1538 τὴν
778 1488 932 1526 Ἐλλάδα
969 1490 1028 1526 καὶ
1061 1489 1218 1536 γνόντες,
1257 1489 1291 1526 εἰ
1329 1489 1563 1527 στασίάσουσι

219 1550 305 1597 περὶ
338 1551 402 1597 τῆς
437 1547 640 1597 ἡγεμονίης,
675 1548 724 1591 ὠς
756 1547 945 1586 ἀπολεῖται
979 1548 999 1597 ἡ
1024 1547 1162 1591 Ἑλλάς,
1198 1548 1297 1598 ὀρθοῖ
1328 1551 1490 1591 νοεῦντες
1517 1571 1562 1575 -

220 1606 456 1652 ἐπιστάμενοι
484 1603 533 1643 ιῦν
558 1606 648 1644 αὐτὸ
674 1609 781 1644 τοῦτο
808 1607 872 1643 οὐκ
897 1607 1112 1650 οἶντέτεινον,
1140 1607 1216 1644 ἀλλ’
1241 1605 1407 1654 εἶκονῑ).
1460 1609 1560 1653 Quod

218 1665 361 1711 profert
385 1666 564 1702 Libanius
595 1666 633 1702 in
665 1678 715 1703 01'.
743 1667 799 1702 XI
826 1667 913 1702 223:
949 1665 1157 1714 Ἀθηναίοις
1187 1665 1257 1712 μὲν,
1276 1666 1342 1714 γὰρ
1375 1665 1394 1703 ὁ
1422 1666 1562 1715 Βορέας

220 1724 513 1773 συνεναυμάχησε
538 1724 694 1771 μισθόν,
729 1725 779 1768 ὥς
803 1739 931 1774 φασιν,
968 1720 1008 1774 ἧς
1036 1723 1175 1774 ἥρπασε
1207 1724 1315 1773 κόρης
1347 1724 1473 1767 διδους
1497 1726 1562 1773 τὴν

220 1783 369 1832 δωρεάν,
403 1785 513 1820 etiam
545 1786 611 1821 hoc
644 1787 690 1821 ab
721 1786 905 1821 Herodoto
938 1785 1093 1830 aceepit,
1128 1785 1189 1829 qui
1214 1785 1343 1821 scribit
1372 1785 1445 1831 VII
1473 1785 1560 1820 189:

219 1842 359 1889 λέγεται
385 1842 425 1879 δὲ
450 1843 568 1890 λόγος,
600 1842 650 1886 ὥς
674 1842 865 1892 Ἀθηναῖοι
896 1842 956 1881 τὸν
981 1843 1119 1891 Βορέην
1145 1842 1182 1879 ἐκ
1214 1842 1448 1891 θεοπροπίου
1479 1842 1562 1879 ἑπε-

218 1901 414 1938 καλέσαντο
441 1901 614 1943 ἐλθόντος
636 1916 704 1951 σφι
726 1902 837 1939 ἄλλου
854 1902 1081 1951 ,χρηστηρίου
1102 1901 1162 1938 τόν
1186 1900 1344 1950 γαμβρὸν
1370 1901 1562 1949 ἐπίκουρον

219 1959 458 2003 καλέσασθαι,
496 1961 635 2010 Βορέης
669 1960 709 1998 δὲ
743 1960 832 1998 κατὰ
862 1960 924 1998 τὸν
952 1959 1125 2009 Ἑλλήνων
1161 1959 1264 2007 λόγον
1302 1959 1375 2005 ἔχει
1413 1963 1562 2007 γυναῖκα

219 2017 390 2067 Ἀττικήν,
415 2018 629 2068 Ὠρειθυίην
653 2019 718 2067 τὴν
743 2019 931 2068 Ἐρεχθέος
943 2020 986 2066 ²);
1022 2025 1058 2056 et
1082 2020 1244 2064 profecto
1272 2019 1513 2055 Athenienses
1539 2030 1562 2054 a

218 2078 353 2122 Borea,
390 2079 452 2121 qui
488 2079 561 2114 iam
594 2082 703 2114 antea
739 2080 785 2114 ad
811 2079 933 2114 Athon
966 2082 1119 2114 montem
1155 2078 1207 2113 eis
1243 2078 1380 2113 auxilio
1412 2081 1563 2113 venerat

219 2136 321 2182 (Her.
340 2136 393 2174 VI
418 2137 492 2185 44),
524 2138 655 2174 iterum
687 2139 733 2174 ad
759 2138 979 2175 Salaminem
1010 2137 1125 2173 adiuti
1151 2140 1234 2173 sunt
1245 2136 1282 2183 ³).
1295 2170 1304 2174 .
1335 2137 1474 2183 Quibus
1500 2148 1562 2174 ex-

218 2195 350 2239 positis
375 2196 619 2242 intellegitur,
652 2198 739 2241 quid
764 2198 837 2234 sibi
864 2198 977 2234 velint
1002 2197 1150 2233 Libanii
1175 2197 1287 2232 verba
1317 2196 1356 2231 in
1382 2197 1563 2233 declama-

319 2303 339 2340 ¹)
361 2304 405 2334 Cf.
427 2304 524 2335 Plut.
546 2305 647 2335 Them.
669 2306 695 2335 7.

317 2351 338 2389 2)
361 2352 446 2388 Quod
466 2353 634 2391 Orithyiam
656 2363 674 2383 a
694 2353 792 2384 Borea
813 2357 932 2391 raptam
953 2362 1017 2383 esse
1037 2353 1139 2382 rhetor
1159 2355 1382 2389 commemorat,
1407 2353 1463 2383 hoc
1483 2355 1564 2384 inter

219 2409 321 2430 omnes
343 2403 512 2432 constabat.

316 2450 340 2487 ⁸)
362 2450 475 2481 Eadem
495 2455 662 2482 narrantur
691 2462 709 2482 a
730 2453 921 2482 Pausania
948 2453 963 2481 I
986 2453 1030 2489 19,
1045 2452 1062 2480 5
1089 2453 1119 2480 et
1140 2450 1215 2481 VIII
1237 2451 1284 2488 27,
1301 2451 1347 2488 13,
1376 2453 1428 2488 qui
1449 2455 1481 2482 et
1501 2454 1565 2490 ipse

218 2507 255 2528 ex
275 2498 429 2529 Herodoto
450 2501 568 2538 pendet.
