1848 2929
859 192 906 227 39

213 307 332 343 deleta
350 312 454 353 esset,
482 312 600 344 tamen
620 309 888 355 resurrexisset,
917 309 1023 345 dicit:
1052 305 1183 344 ταύτὸν
1208 308 1268 344 καὶ
1294 308 1472 345 παθοῦσα
1497 307 1558 343 καὶ

214 366 400 414 ποιήσασα
424 369 469 414 τῇ
493 369 557 414 τῆς
574 366 730 414 Ἀθηνᾶς
755 367 876 415 ἐλαίᾳ·
909 368 969 403 καὶ
995 365 1062 414 γάρ
1086 365 1224 413 ἐκείνην
1251 365 1392 413 ἐπῆλθε
1417 365 1484 410 μὲν
1509 367 1561 411 τῷ

212 424 302 472 πυρὶ
320 424 470 474 Ξέρξης,
497 423 548 461 ὅτ’
574 424 729 474 ἔφθειρε
754 424 818 474 τὴν
836 424 1038 473 Ἀθηναίων
1064 423 1276 474 ἀκρόπολιν,
1304 423 1488 472 δευτέρᾳ
1514 422 1560 461 δὲ

213 482 352 531 ἡμέρᾳ
376 483 562 530 βλαστὸς
587 483 827 532 οἷνέδραμεν
853 484 916 525 εἰς
943 486 1082 532 πῆχυν
1108 483 1146 520 ἐκ
1171 484 1238 520 τοῦ
1261 482 1494 529 κεκαυμένου,
1520 483 1560 518 in

211 542 280 577 hac
305 553 345 577 re
370 543 548 579 Libanius
574 543 682 579 talem
716 543 754 579 in
779 545 921 580 modum
948 554 992 579 ex
1017 543 1201 579 Herodoto
1235 543 1387 587 pendet,
1427 546 1468 578 ut
1493 542 1559 578 iis-

212 601 290 637 dem
324 601 400 637 fere
436 602 558 638 verbis
594 606 734 648 utatur3
772 607 899 639 narrat
934 603 1029 639 enim
1054 603 1361 638 Halicarnasseus
1387 602 1481 639 VIII
1511 602 1559 638 55

212 660 326 695 oleam
344 660 531 697 Minervae
558 661 595 696 in
621 672 704 697 arce
722 662 944 697 Athenarum
963 673 985 697 a
1001 661 1125 697 Persis
1153 664 1363 706 expugnata
1389 660 1557 696 incendio

211 720 432 755 combustam
468 722 504 755 et
536 723 680 764 postero
715 720 771 756 die
816 721 930 757 denuo
970 723 1113 757 enatam
1148 730 1244 756 esse:
1293 719 1476 767 δευτέρῃ
1513 718 1558 757 δὲ

214 775 348 824 ἡμέρῃ
372 798 417 802 -
441 775 544 825 ὥρων
570 777 759 823 βλαστὸν
785 778 823 813 ἐκ
847 780 913 814 τοῦ
939 777 1124 822 στελέχεος
1150 777 1250 814 ὅσον
1274 792 1315 814 τι
1341 781 1558 825 πηχυαῖον

210 832 605 884 ἀναδεδραμηκότα.
641 858 687 862 —-
721 837 764 873 In
795 838 865 874 vol.
893 837 945 875 IV
966 838 1048 883 866,
1073 838 1118 873 27
1142 837 1213 884 R1)
1240 837 1420 874 Liba-nius
1446 837 1555 874 dicit:

211 895 455 942 Θεμιστοκλῆς
496 889 573 942 ἧκεν
612 895 666 935 εἰς
703 895 886 943 Σπάρτην,
929 899 964 931 οἱ
1006 896 1045 932 δὲ
1084 895 1195 931 αὐτόν
1239 895 1475 944 ἐστεφάνουν,
1516 897 1554 931 id

210 953 304 996 quod
347 963 391 988 ex
433 953 518 989 Her.
546 953 637 991 VIII
666 954 735 989 124
778 954 1025 999 depromptum
1068 958 1138 1000 est,
1190 965 1258 999 quo
1301 954 1380 991 loco
1424 954 1554 999 quibus

209 1012 404 1047 honoribus
435 1013 714 1048 Lacedaemonii
747 1014 1025 1049 Themistoclem
1067 1013 1257 1048 affecerint
1295 1014 1471 1049 traditur:
1516 1013 1555 1053 ἐς

209 1070 466 1115 Λακεδαίμονα
499 1068 648 1107 ἀπίκετο
684 1069 803 1108 θέλων
828 1072 1047 1119 τιμηθῆναι·
1091 1072 1150 1108 καί
1175 1085 1238 1116 μιν
1263 1071 1552 1117 Λακεδαιμόνιοι

209 1128 326 1167 καλῶς
351 1127 417 1173 μὲν
441 1128 680 1172 ὑπεδέξαντο,
715 1128 878 1175 μεγάλως
904 1129 944 1166 δὲ
970 1129 1152 1177 ἐτίμησαν.
1204 1128 1375 1178 ἀριστήια
1400 1129 1466 1175 μέν
1491 1145 1553 1166 νυν

211 1184 340 1223 ε”δοσαν
375 1185 584 1235 Εὐρυβιάδῃ
621 1186 745 1235 ἐλαίης
779 1186 973 1236 στέφανον,
1009 1189 1140 1236 σοφίης
1177 1187 1216 1225 δὲ
1251 1189 1311 1224 καὶ
1347 1188 1554 1237 δεξιότητος

212 1248 451 1290 Θεμιστοκλεῖ
475 1246 535 1281 καὶ
560 1245 676 1292 τούτῳ
700 1246 878 1294 στέφανον
904 1246 1026 1293 ἐλαίης
1035 1246 1072 1293 ²).
1094 1268 1139 1272 —-
1166 1248 1256 1282 Item
1274 1248 1423 1283 Lib‘anii
1439 1250 1552 1284 verba

210 1304 248 1339 in
283 1315 332 1340 or.
361 1304 454 1340 XIX
481 1305 543 1340 13:
588 1302 624 1339 οἱ
657 1304 697 1341 δὲ
729 1302 823 1352 πρὸς
848 1303 910 1341 τόν
941 1306 1074 1352 Μῆδον
1104 1306 1174 1340 τῶν
1197 1304 1368 1353 Ἑλλήνων
1394 1304 1551 1354 πολεμή-

212 1375 339 1403 σαντες
373 1362 566 1410 ἐφείσαντο
599 1365 669 1399 τῶν
700 1362 777 1408 μετ’
807 1362 944 1399 ἐκείνου
977 1362 1135 1399 στάντων
1165 1364 1225 1399 καὶ
1255 1365 1367 1400 ταῦτα
1400 1363 1553 1412 ἀνάγκην

211 1419 254 1457 οὐ
286 1419 418 1469 μικράν
444 1420 498 1462 εἰς
530 1420 594 1468 τήν
627 1422 728 1470 δίκην
761 1420 901 1465 ἔχοντες
933 1420 978 1457 τὰ
1012 1422 1206 1468 δεδογμένα
1236 1423 1322 1471 περὶ
1355 1421 1473 1458 αὐτῶν
1507 1434 1552 1459 ex

209 1480 393 1516 Herodoto
412 1480 589 1525 originem
608 1481 797 1525 duxerunt,
824 1481 920 1525 apud
937 1491 1039 1524 quem
1062 1481 1117 1516 IX
1135 1482 1182 1516 86
1199 1481 1373 1525 scriptum
1390 1481 1552 1517 videmus

211 1538 370 1576 Graecos
397 1550 420 1575 a
446 1539 638 1583 Thebanis,
674 1539 736 1584 qui
762 1551 784 1575 a
809 1540 1001 1576 Persarum
1026 1540 1192 1585 partibus
1225 1540 1419 1586 stetissent,
1454 1541 1550 1578 solos

210 1598 426 1635 defectionis
454 1602 620 1635 auctores
640 1600 903 1644 expoposcisse,
931 1610 1143 1643 quamquam
1162 1610 1233 1643 eos,
1262 1600 1323 1643 qui
1341 1610 1407 1636 sua
1424 1604 1551 1645 sponte

208 1658 402 1694 Persarum
433 1662 556 1703 partes
587 1658 703 1694 secuti
730 1662 864 1704 essent,
900 1669 1019 1694 omnes
1045 1658 1220 1703 Delphico
1253 1659 1318 1694 deo
1350 1669 1429 1695 esse
1455 1659 1550 1695 deci-

208 1718 357 1752 mandos
391 1718 665 1753 constituerant.
701 1738 747 1742 ——
781 1718 945 1761 Denique
977 1717 1167 1762 epistulam
1200 1717 1293 1752 1457
1329 1718 1375 1752 ad
1406 1717 1551 1753 Aristo-

208 1776 361 1820 phanem
400 1776 575 1821 scriptam
618 1776 750 1821 incipit
791 1777 915 1812 rhetor
951 1776 1009 1812 his
1048 1776 1186 1812 verbis:
1232 1771 1344 1821 Οἶμαι
1382 1775 1449 1821 μὲν
1485 1774 1551 1824 τήν

208 1833 354 1883 φήμην
378 1836 439 1871 καὶ
466 1837 539 1878 νῦν,
566 1834 586 1872 ὃ
613 1834 740 1878 πάλαι,
768 1835 1006 1884 πεποιηκέναι
1033 1837 1091 1872 καὶ
1109 1834 1255 1880 διδάξαι
1280 1833 1550 1883 τούςἛλληνας

208 1891 253 1929 τὰ
279 1893 388 1941 πάθη
412 1896 484 1929 τῶν
501 1893 709 1943 βαρβάρων.
744 1891 866 1931 Οἶσθα
893 1893 959 1943 γάρ
978 1893 1027 1935 οἷς
1052 1893 1227 1942 πρότερον
1252 1892 1344 1941 αὐτῇ
1368 1907 1404 1929 τι
1429 1895 1550 1930 τοιοῦ-

207 1965 269 1988 τον
287 1950 496 2001 ἐπέπρακτο
514 1950 574 1989 ὅτε
598 1954 675 1989 τοῦ
700 1952 977 2001 νενικηκότος
1003 1950 1303 2001 στρατοπέδου
1328 1950 1403 2000 τὴν
1429 1953 1549 2000 νίκην

210 2009 348 2058 ἤγγειλε
384 2013 436 2058 τῷ
469 2010 636 2057 μέλλοντι
672 2015 873 2058 μαχεῖσθαι
912 2010 1189 2059 στρατοπέδῳ
1228 2012 1288 2047 καὶ
1325 2010 1549 2059 ἐπέῤῥωσεν;

208 2070 298 2106 haec
324 2070 410 2114 quid
436 2071 659 2117 significent,
687 2071 915 2117 intellegitur
946 2082 990 2107 ex
1015 2071 1100 2107 Her.
1125 2070 1179 2106 IX
1208 2070 1277 2106 100
1303 2073 1339 2106 et
1368 2070 1452 2116 101,
1488 2071 1550 2107 ubi

209 2129 252 2165 de
277 2140 400 2175 pugna
432 2132 479 2166 ad
504 2131 673 2177 Mycalen
703 2134 858 2167 montem
890 2131 1080 2167 commissa
1110 2130 1261 2175 legimus
1292 2130 1398 2165 haec:
1435 2129 1484 2171 ὠς
1510 2129 1550 2167 δὲ

206 2185 280 2235 ἄρα
306 2187 602 2237 παρεσκευάδατο
628 2192 724 2226 τοῖσι
743 2187 901 2238 Ἕλλησι,
933 2188 1134 2239 προσήισαν
1167 2185 1260 2236 πρὸς
1293 2185 1378 2230 τοὺς
1411 2187 1550 2237 βαρβά-

209 2257 312 2295 ρους·
342 2246 440 2285 ἰοῦσι
457 2248 498 2286 δέ
523 2261 591 2297 σφι
617 2248 735 2298 φήμη
760 2263 799 2286 τε
825 2248 1003 2286 ἐσέπτατο
1029 2247 1066 2289 ἐς
1087 2246 1127 2283 τὸ
1155 2246 1450 2295 στρατόπεδον
1476 2250 1551 2284 πᾶν

311 2345 330 2383 ¹)
353 2345 451 2376 Locus
472 2349 519 2376 est
539 2351 644 2385 χρείας
664 2348 828 2384 inscriptae
848 2351 995 2386 Διογένης
1013 2344 1170 2386 μειράκιον
1191 2343 1264 2374 ἰδών
1284 2348 1342 2374 κτλ.

308 2393 330 2431 ²)
352 2394 584 2425 Plutarchus
605 2395 749 2426 Themist.
766 2396 801 2425 17
817 2396 921 2426 eadem
935 2404 1063 2425 narrans
1084 2397 1115 2424 et
1128 2396 1191 2431 ipse
1205 2403 1241 2423 ex
1256 2394 1410 2424 Herodoto
1425 2395 1553 2433 pendet3

209 2441 284 2472 dicit
309 2444 388 2473 enim
416 2444 469 2474 illo
491 2445 572 2475 loco:
605 2447 709 2484 ἐκείνῳ
731 2446 763 2475 δὲ
792 2445 1002 2485 (Θεμιστοκλεῖ
1019 2444 1092 2482 scil.)
1121 2448 1232 2482 σοφίας
1263 2441 1415 2482 ἄριστεῖον
1441 2446 1552 2475 ἔδοσαν

208 2491 322 2521 θαλλοῦ
343 2496 505 2531 στέφανον.
