1848 2929
831 232 879 267 75

182 348 470 393 Thucydidem
489 348 554 394 (VI
574 350 605 394 2,
616 349 652 395 4)
672 353 708 385 et
730 351 824 394 apud
842 350 1164 394 Xenophontem
1180 348 1342 394 (anabas.
1362 347 1400 382 II
1417 347 1451 390 4,
1462 345 1522 392 28)

181 410 218 443 et
243 407 339 451 apud
363 407 586 443 Platonem
611 407 756 454 (Phaed.
773 409 819 444 85
837 408 885 455 D)
912 409 1000 444 ratis
1026 408 1100 444 vim
1126 408 1245 451 habet,
1281 416 1353 450 qua
1378 404 1525 440 notione

181 465 291 501 etiam
324 466 420 509 apud
451 468 588 502 ceteros
620 469 740 503 exstat
765 467 864 503 velut
889 468 1002 503 Hom.
1023 467 1150 512 Odyss.
1180 466 1211 502 V
1230 465 1276 501 33
1309 467 1344 500 et
1375 463 1522 507 Eurip.

181 524 268 559 Hec.
298 524 378 559 113.

517 635 519 637 ¹
697 593 733 628 C.
766 593 1006 629 Adiectiva.

278 656 453 707 ἔνυδρος
491 660 576 695 Her.
601 660 639 695 II
658 655 694 695 7v
717 661 922 707 (Αἴγυπτος
959 660 1068 697 ἐοῦσα
1103 662 1203 697 πᾶσα
1239 659 1352 707 ὑπτίη
1388 673 1427 694 τε
1462 657 1523 693 καὶ

181 716 373 767 ἔνυδρος
386 719 447 754 καὶ
475 716 567 760 ιλύς)
599 719 783 764 significat
815 720 909 755 idem
936 720 1029 763 quod
1054 719 1167 755 latine
1199 719 1300 764 aquis
1325 718 1521 753 abundans.

181 776 318 811 Eadem
337 776 482 830 notione
508 777 698 813 adhibetur
724 789 746 814 a
762 778 919 825 Libanio
945 779 983 814 in
1010 789 1060 814 or.
1079 779 1134 813 XI
1154 779 1241 814 270:
1270 775 1403 824 ταύτνς
1428 775 1521 822 (scil.

182 836 245 883 τῆς
262 834 417 878 πόλεως)
443 835 613 884 κρείττων
630 837 767 886 γινεται
790 837 842 884 τῶ
867 828 1040 884 ἐνύδρῳ»
1084 837 1240 873 Etiamsi
1267 837 1363 881 apud
1380 835 1522 871 Xeno-

182 895 380 939 phontem
424 895 505 940 Oyr.
533 895 590 931 111
617 896 713 940 2,11
755 897 878 949 eadem
916 896 1061 932 notione
1100 895 1267 941 exstat¹)‚
1307 899 1427 930 tamen
1465 904 1522 929 so-

181 952 340 1001 phistam
373 952 438 988 illo
471 953 549 988 loco
577 954 797 1001 Herodotum
828 947 930 997 sequi
955 956 1057 998 puto,
1093 954 1260 997 quoniam
1294 954 1332 988 in
1358 952 1523 988 oratione

181 1011 236 1046 XI
262 1011 375 1047 multa
400 1012 577 1047 voeabula
594 1012 801 1048 Herodotea
825 1012 1042 1057 deprehendi
1067 1012 1140 1047 iam
1165 1022 1275 1056 supra
1301 1012 1522 1047 demonstra-

182 1069 319 1112 vimus3
367 1070 462 1113 apud
499 1070 724 1105 Platonem
763 1071 862 1114 soph.
883 1071 1001 1105 22οΒ
1040 1069 1098 1114 (ui
1135 1069 1200 1114 μὲν
1235 1067 1369 1116 πτηνὸν
1407 1069 1523 1119 φῦλον

181 1125 337 1175 ὁρῶμεν,
381 1125 421 1164 τὸ
456 1126 496 1163 δὲ
529 1125 709 1176 ἔνυδρονς)
749 1131 784 1163 et
821 1128 924 1173 polit.
952 1128 1022 1163 264
1040 1128 1074 1163 D
1121 1126 1216 1170 (ἔστι
1260 1126 1324 1174 μὲν
1362 1125 1521 1174 ἔνυδρον,

181 1178 258 1222 ἐστι
293 1185 332 1221 δὲ
366 1187 425 1222 καὶ
456 1185 707 1233 ξηροβατικόν)
739 1187 832 1222 idem
863 1187 1048 1231 significat
1078 1189 1171 1231 quod
1200 1187 1314 1222 latine
1344 1187 1520 1231 aquatilis,

183 1254 254 1287 qua
288 1244 434 1280 notione
471 1243 581 1280 etiam
616 1245 713 1289 apud
751 1245 1084 1289 Aristophanem
1119 1255 1195 1288 ran.
1223 1245 1292 1279 234
1328 1244 1522 1288 deprehen-

183 1302 290 1338 ditur.
326 1323 372 1327 —
405 1302 497 1338 Item
523 1313 568 1338 ex
594 1303 777 1338 Herodoto
807 1306 990 1339 mutuatus
1016 1307 1071 1339 est
1096 1302 1272 1339 Libanius
1304 1302 1522 1338 contrarium

183 1358 367 1409 ἄνυδρος
410 1361 448 1396 in
481 1362 569 1397 decl.
604 1361 623 1395 I
650 1361 739 1405 130,
789 1362 883 1405 quod
916 1362 1011 1405 apud
1049 1362 1270 1397 Herodotum
1305 1372 1375 1396 non
1413 1361 1523 1396 semel

184 1423 321 1464 exstat3
368 1420 468 1456 velut
501 1420 539 1455 II
569 1421 654 1455 149:
696 1417 880 1468 ἄνυδρος
916 1418 981 1468 γὰρ
1016 1418 1059 1468 δὴ
1086 1421 1213 1461 δεινῶς
1239 1418 1315 1456 ἐστι
1347 1418 1367 1467 ἡ
1393 1417 1520 1466 ταύτῃ,

183 1478 363 1524 imprimis
396 1477 421 1526 ἡ
447 1477 633 1525 ἄνυδρος
666 1478 758 1525 (scil.
787 1479 844 1526 γῆ)
879 1480 926 1514 ab
956 1479 1237 1514 Haliearnasseo
1269 1478 1402 1513 dicitur
1432 1479 1523 1524 reyio

183 1538 317 1573 deserta
350 1541 449 1583 atque
479 1539 581 1583 aquis
612 1549 743 1574 carens.
796 1538 902 1582 Apud
933 1541 1072 1574 ceteros
1105 1538 1171 1573 hoe
1204 1537 1421 1573 adiectivum
1452 1547 1522 1572 non

183 1595 376 1633 invenitur.

282 1653 508 1704 ἐπίσημος.
551 1656 630 1691 Hoc
656 1655 875 1692 adiectivum
901 1656 997 1700 apud
1017 1656 1237 1691 Herodotum
1262 1654 1300 1690 II
1317 1654 1364 1689 20
1389 1652 1523 1701 (Ελλή-

183 1728 253 1749 νων
290 1713 357 1759 μὲν
394 1726 490 1754 τινες
528 1713 738 1761 ἐπίσημοι
776 1712 989 1760 βουλόμενοι
1028 1713 1198 1760 γενέσθαι
1232 1712 1410 1760 σοφίην)
1448 1713 1522 1757 sig-

183 1772 310 1809 nificat
352 1774 447 1817 quod
487 1774 580 1818 apud
619 1773 776 1809 'Latinos
819 1774 968 1820 insignis
1009 1769 1068 1810 vel
1108 1773 1270 1809 excellens
1311 1773 1431 1817 aliqua
1466 1784 1521 1816 νος

183 1832 360 1868 Libanius
386 1823 609 1868 Herodotum
642 1832 806 1868 imitatus
837 1830 1056 1869 adiectivum
1088 1832 1211 1868 eadem
1237 1831 1275 1868 vi
1307 1830 1453 1867 adhibet
1485 1830 1522 1866 in

184 1891 272 1926 decl.
300 1891 352 1928 VI
369 1891 417 1927 40
450 1892 535 1934 (τῶν
561 1912 604 1916 -
632 1889 671 1926 ἐκ
695 1889 805 1938 τύχης
831 1889 1074 1939 ἐπισήμων)
1114 1895 1149 1926 et
1187 1891 1226 1925 in
1258 1890 1327 1926 vol.
1346 1890 1398 1926 IV
1418 1890 1521 1933 1023,

184 1950 230 1984 25
249 1950 282 1984 R
314 1951 445 1992 (πᾶσιν
477 1948 693 1996 ἐπίσημος
722 1950 772 1996 τῇ
802 1948 941 1996 δόξῃ),
984 1949 1099 1985 utitur
1132 1948 1245 1993 igitur
1277 1951 1423 1991 uterque
1456 1948 1523 1983 hoo

182 2008 363 2044 adiectivo
397 2009 440 2043 de
473 2008 565 2044 viris
603 2008 727 2052 aliqua
764 2018 804 2044 re
838 2008 1097 2044 excellentibus
1109 2007 1146 2054 2).
1205 2007 1323 2043 Ceteri
1360 2006 1427 2041 hoc
1459 2006 1523 2041 ad-

182 2066 354 2103 jectivum
390 2066 466 2102 alia
500 2065 647 2103 notione
678 2066 868 2111 adhibent3
915 2067 1016 2104 velut
1056 2066 1324 2111 Thucydides
1359 2064 1398 2100 II
1423 2065 1481 2109 43,
1501 2065 1522 2100 2

184 2123 259 2166 (τὸν
291 2123 414 2172 τάφον
442 2123 726 2172 ἐπισημότατον,
774 2125 821 2160 cf.
857 2125 979 2169 Soph.
1000 2125 1083 2160 Ant.
1115 2125 1224 2160 1258:
1263 2121 1371 2170 μνῆμ’
1396 2122 1523 2169 ἐπίση-

182 2187 266 2229 μον)
300 2185 343 2220 de
376 2183 512 2220 tumulo
546 2183 683 2229 insigni
718 2187 754 2220 et
787 2184 992 2230 conspicuo,
1029 2184 1067 2219 II
1096 2184 1149 2228 13,
1165 2183 1187 2219 3
1222 2180 1410 2250 (ἀργυρίου
1442 2193 1524 2217 επι-

184 2242 317 2291 σι’μου,
364 2244 411 2279 cf.
445 2244 541 2278 Her.
568 2242 624 2278 IX
650 2244 728 2278 41:
760 2241 851 2287 ἔχων
884 2242 1019 2291 χρυσὸν
1057 2241 1189 2279 πολλὸν
1225 2240 1290 2286 μὲν
1331 2238 1522 2287 ἐπίσημον,

184 2299 318 2339 πολλὸν
344 2300 384 2339 δὲ
408 2299 550 2350 ἄσημον
584 2305 619 2337 et
651 2301 841 2347 Xenoph.
861 2302 943 2348 Cyr.
970 2302 1023 2339 IV
1048 2303 1081 2347 5,
1101 2302 1161 2337 40:
1196 2299 1344 2348 χρυσίον
1370 2320 1416 2324 -
1443 2297 1525 2335 ἐπί-

184 2363 310 2409 σημον)
344 2362 387 2398 de
420 2361 574 2397 nummis
607 2360 773 2406 signatis.
830 2362 1035 2397 Herodotus
1068 2361 1087 2396 I
1109 2361 1152 2396 51
1188 2357 1425 2406 (αναθήματα
1459 2356 1526 2394 οὒκ

285 2479 306 2517 ²)
328 2479 374 2509 Of.
396 2478 519 2509 Aeseh.
541 2479 716 2517 Agamemn.
740 2478 825 2509 1099.
866 2478 990 2516 Eurip.
1013 2477 1122 2508 Phoen.
1143 2476 1214 2513 659;
1245 2475 1310 2506 Ion.
1331 2475 1398 2506 872.

282 2528 304 2565 ²)
326 2528 372 2558 Cf.
389 2529 476 2559 Eur.
491 2524 610 2566 Hippol.
627 2528 691 2558 103.
719 2528 801 2559 Luc.
818 2528 894 2558 rhet.
909 2537 1006 2565 praec.
1029 2537 1051 2558 c.
1068 2528 1112 2556 25.
1136 2526 1232 2555 Plut.
1255 2525 1327 2555 Fab.
1343 2525 1423 2557 Max.
1440 2526 1486 2557 14.
